{
  "weeks": [
    {
      "dateRange": "2024-07-08 to 2024-07-14",
      "data": {
        "totalSales": "13004.69",
        "numOrders": 129,
        "numSubscriberOrders": 123,
        "numGuestOrders": 6,
        "averageItemsPerOrder": 11,
        "averageOrderAmount": "102.67",
        "totalActiveSubscribers": 206,
        "projectedMonthlySubscriptionRevenue": 48602,
        "vendors": {
          "Elegant Elephant Baking Co.": 159.37,
          "River Ranch Oregon Olive OIl": 14.56,
          "Camas Swale Farm": 637.47,
          "Little Wings": 1342.67,
          "Grazier's Garden": 680.98,
          "Deck Family Farm": 5361.69,
          "Red Tail Growers": 728.31,
          "OGC": 487.51,
          "Full Farm CSA": 676.36,
          "Creamy Cow, LLC": 1838.09,
          "Sweet Creek": 227.76,
          "Deck Family Farm's Hyland Processing": 342.21,
          "Creole Me Up": 101.93,
          "Barrett Baking": 42.56,
          "Radiant Coffee Roasters": 191.29,
          "Queen of Hearts Superfood": 17.56,
          "Lonesome Whistle": 47.29,
          "Reality Kitchen Nonprofit": 51.78,
          "RL Plants": 13.3,
          "Spoiled Rotten Vinegar": 16.06,
          "Camas Country Mill": 25.94
        },
        "category": {
          "Dry Goods": 1050.76,
          "Organic Vegetables - Potatoes": 184.92,
          "Organic Vegetables - Onions/Garlic": 450.65,
          "Sausages & Cured Meats": 1322.58,
          "Organic Eggs": 742.79,
          "Organic Vegetables - Roots": 333.17,
          "Organic Vegetables - Leafy Greens": 714.4,
          "Organic Vegetables - Mushrooms": 301.54,
          "Organic Vegetables - Herbs": 219.55,
          "Organic Vegetables - Broccoli/Cauliflower/Cabbage": 486.16,
          "Organic Vegetables - Other": 742.32,
          "Organic Vegetables - Squash": 181.04,
          "Pasture-raised Poultry": 685.27,
          "Pasture-raised Pork": 1050.54,
          "Grass-fed Beef": 1329.11,
          "Organic Vegetables - Tomatoes": 233.52,
          "Organic Fruit": 641.78,
          "Raw Dairy (Unpasteurized)": 1838.09,
          "Spring Lamb": 274.54,
          "Pasture Raised Poultry": 43.19,
          "Pasture Raised Pork": 90.39,
          "Organic Vegetables  - Broccoli/Cauliflower/Cabbage": 23.55,
          "Home Goods": 47.88,
          "Uncategorized": 11.57,
          "Organs/Lard/Bones": 5.38
        },
        "product": {
          "Raw Fresh Whole Milk": 1036,
          "Organic Pasture Raised Chicken Eggs": 742.79,
          "Baby Back Ribs **SALE**": 605.12,
          "Blueberries": 430.4,
          "Ground Beef - All Natural": 419.64,
          "Persian Cucumber": 277.88,
          "Pork Chop, Boneless Thick Cut": 256.88,
          "Raw A2/A2 Milk": 247,
          "Lamb Kabob": 242.25,
          "Beef Tri-Tip,": 241.11,
          "New York Steak": 233.64,
          "Pork Shoulder Roast": 217.4,
          "Live Culture Yogurt": 215.46,
          "Purple Shvelisi Garlic": 213.3,
          "Frozen Blueberries": 211.38,
          "Sage and Sea Salt Pork Breakfast Sausage": 200.96,
          "Roasting Chicken": 200.22,
          "Nantes Carrots": 200.14,
          "Broccolini": 198.03,
          "Mixed salad greens": 195.66
        },
        "dropsite": {
          "St Johns Farmers Market": 664.02,
          "Farm - Friday": 540.89,
          "PSU Farmers Market": 1078.25,
          "Irvington": 298.28,
          "Woodstock": 662.61,
          "LCFM": 564.12,
          "Beaverton": 301.4,
          "Hollywood Farmers Market": 1178.24,
          "Cully": 442.64,
          "Home Delivery - Corvallis": 71.87,
          "Home Delivery - Eugene/Springfield/Junction City": 4107.84,
          "W 11th": 941.85,
          "Friendly": 843.77,
          "Farm - Tuesday": 1088.51,
          "Springfield": 220.4
        }
      }
    },
    {
      "dateRange": "2024-07-01 to 2024-07-07",
      "data": {
        "totalSales": "10732.97",
        "numOrders": 112,
        "numSubscriberOrders": 110,
        "numGuestOrders": 2,
        "averageItemsPerOrder": 9,
        "averageOrderAmount": "97.88",
        "totalActiveSubscribers": 206,
        "projectedMonthlySubscriptionRevenue": 48602,
        "vendors": {
          "Deck Family Farm": 4922.21,
          "OGC": 430.34,
          "Creamy Cow, LLC": 2100.3,
          "Lonesome Whistle": 155.1,
          "Barrett Baking": 63.84,
          "Deck Family Farm's Hyland Processing": 271.85,
          "Little Wings": 497.55,
          "Camas Swale Farm": 380,
          "Red Tail Growers": 615.41,
          "Grazier's Garden": 454.09,
          "Spoiled Rotten Vinegar": 38.57,
          "Elegant Elephant Baking Co.": 196.48,
          "Queen of Hearts Superfood": 79.02,
          "Radiant Coffee Roasters": 146.3,
          "Sweet Creek": 161.14,
          "Reality Kitchen Nonprofit": 61.28,
          "River Ranch Oregon Olive OIl": 29.12,
          "Creole Me Up": 55.28,
          "Camas Country Mill": 50.79,
          "RL Plants": 13.3,
          "Full Farm CSA": 11
        },
        "category": {
          "Grass-fed Beef": 1533.34,
          "Organic Vegetables - Mushrooms": 165.99,
          "Organic Fruit": 131.76,
          "Organic Eggs": 588.8,
          "Raw Dairy (Unpasteurized)": 2100.3,
          "Dry Goods": 1175.29,
          "Sausages & Cured Meats": 1520.86,
          "Organic Vegetables - Other": 248.25,
          "Organic Vegetables - Herbs": 159.45,
          "Organic Vegetables - Leafy Greens": 652.41,
          "Organic Vegetables - Roots": 272.89,
          "Organic Vegetables - Broccoli/Cauliflower/Cabbage": 300.82,
          "Organic Vegetables - Potatoes": 48.24,
          "Organic Vegetables - Onions/Garlic": 233.36,
          "Organic Vegetables - Squash": 164.22,
          "Pasture-raised Poultry": 690.6,
          "Pasture-raised Pork": 428.62,
          "Pasture Raised Poultry": 105.9,
          "Pasture Raised Pork": 46.78,
          "Spring Lamb": 143.72,
          "Home Goods": 13.3,
          "Organs/Lard/Bones": 8.07
        },
        "product": {
          "Raw Fresh Whole Milk": 1092,
          "Organic Pasture Raised Chicken Eggs": 588.8,
          "Raw A2/A2 Milk": 342,
          "Live Culture Yogurt": 332.5,
          "Roasting Chicken": 306.12,
          "Top Sirloin Steak **SALE**": 282.59,
          "Ground Beef - All Natural": 279.08,
          "Pork Bacon": 253.68,
          "Pork Shoulder Roast": 247.91,
          "Bone-In Chicken Breast": 220.5,
          "New York Steak": 218.69,
          "Sage and Sea Salt Pork Breakfast Sausage": 188.4,
          "Beef Patties": 178.2,
          "Green Zucchini": 164.22,
          "Purple Shvelisi Garlic": 152.95,
          "Pork Frankfurter": 137.25,
          "Broccolini": 133.56,
          "Blueberries": 131.76,
          "Honey, Raw": 127.37,
          "Chicken Wings": 126.54
        },
        "dropsite": {
          "Hollywood Farmers Market": 1504.56,
          "Farm - Friday": 872.62,
          "Woodstock": 307.28,
          "Corvallis": 49.45,
          "St Johns Farmers Market": 106.22,
          "Irvington": 321.38,
          "Beaverton": 192.04,
          "PSU Farmers Market": 678.26,
          "Cully": 660.06,
          "Home Delivery - Eugene/Springfield/Junction City": 3690.31,
          "Friendly": 746.24,
          "Springfield": 112.63,
          "W 11th": 697.93,
          "Farm - Tuesday": 329.89,
          "LCFM": 338.02,
          "Home Delivery - Corvallis": 126.08
        }
      }
    },
    {
      "dateRange": "2024-06-24 to 2024-06-30",
      "data": {
        "totalSales": "14057.20",
        "numOrders": 132,
        "numSubscriberOrders": 129,
        "numGuestOrders": 3,
        "averageItemsPerOrder": 9,
        "averageOrderAmount": "107.71",
        "totalActiveSubscribers": 206,
        "projectedMonthlySubscriptionRevenue": 48602,
        "vendors": {
          "Lonesome Whistle": 75.77,
          "Deck Family Farm": 6997.49,
          "Grazier's Garden": 847.22,
          "Red Tail Growers": 704.29,
          "Camas Swale Farm": 769.51,
          "Barrett Baking": 53.2,
          "Creamy Cow, LLC": 2356.59,
          "Deck Family Farm's Hyland Processing": 403.25,
          "Camas Country Mill": 62.49,
          "Reality Kitchen Nonprofit": 98.07,
          "OGC": 459.54,
          "Little Wings": 474.08,
          "Creole Me Up": 22.17,
          "Radiant Coffee Roasters": 234.08,
          "Sweet Creek": 153.79,
          "Elegant Elephant Baking Co.": 209.86,
          "Queen of Hearts Superfood": 52.68,
          "Full Farm CSA": 28.29,
          "Spoiled Rotten Vinegar": 38.87,
          "RL Plants": 15.96
        },
        "category": {
          "Dry Goods": 1294.99,
          "Sausages & Cured Meats": 1577.07,
          "Organic Fruit": 523.95,
          "Organic Vegetables - Roots": 333.09,
          "Organic Vegetables - Other": 530.44,
          "Grass-fed Beef": 2458.68,
          "Organic Vegetables - Leafy Greens": 817.85,
          "Pasture-raised Poultry": 582.8,
          "Spring Lamb": 511.23,
          "Organic Eggs": 919.68,
          "Raw Dairy (Unpasteurized)": 2356.59,
          "Pasture-raised Pork": 1068.27,
          "Organic Vegetables - Onions/Garlic": 206.95,
          "Organic Vegetables - Mushrooms": 219.61,
          "Organic Vegetables - Broccoli/Cauliflower/Cabbage": 338.24,
          "Organic Vegetables - Herbs": 118.73,
          "Organic Vegetables - Squash": 151.32,
          "Organic Vegetables  - Broccoli/Cauliflower/Cabbage": 14.46,
          "Home Goods": 33.25
        },
        "product": {
          "Raw Fresh Whole Milk": 1152,
          "Organic Pasture Raised Chicken Eggs": 919.68,
          "Cherries": 523.95,
          "Ground Beef - All Natural": 430.06,
          "Sugar Snap Peas": 391.12,
          "Roasting Chicken": 367.07,
          "Raw A2/A2 Milk": 304,
          "Live Culture Yogurt": 273.98,
          "Raw Sweet Cream Butter": 271.32,
          "Pork Bacon": 265.37,
          "Baby Back Ribs": 265.32,
          "Pork Shoulder Roast": 262.72,
          "Broccolini": 245.42,
          "Ribeye Steak": 239.85,
          "Beef Tenderloin": 234.92,
          "Beef Flat Iron Steak": 217.03,
          "Honey, Raw": 199.58,
          "Bone-In Chicken Breast": 196,
          "Top Sirloin Steak": 179.98,
          "Ground Pork": 169.13
        },
        "dropsite": {
          "Hollywood Farmers Market": 2622.5,
          "Farm - Friday": 576.35,
          "Cully": 432.1,
          "St Johns Farmers Market": 208.6,
          "LCFM": 726.41,
          "PSU Farmers Market": 987.93,
          "Irvington": 196.59,
          "Woodstock": 1085.51,
          "Corvallis": 196.95,
          "Home Delivery - Eugene/Springfield/Junction City": 4633.4,
          "W 11th": 476.53,
          "Friendly": 1017.44,
          "Home Delivery - Corvallis": 78.72,
          "Farm - Tuesday": 282.67,
          "Springfield": 384.95,
          "Beaverton": 150.55
        }
      }
    },
    {
      "dateRange": "2024-06-17 to 2024-06-23",
      "data": {
        "totalSales": "12500.30",
        "numOrders": 125,
        "numSubscriberOrders": 122,
        "numGuestOrders": 3,
        "averageItemsPerOrder": 10,
        "averageOrderAmount": "101.44",
        "totalActiveSubscribers": 206,
        "projectedMonthlySubscriptionRevenue": 48602,
        "vendors": {
          "Reality Kitchen Nonprofit": 64.6,
          "Deck Family Farm": 5106.85,
          "Creamy Cow, LLC": 1869.75,
          "Camas Country Mill": 43.9,
          "Lonesome Whistle": 122.61,
          "Deck Family Farm's Hyland Processing": 519,
          "Camas Swale Farm": 1180.36,
          "Little Wings": 585.84,
          "Red Tail Growers": 415.51,
          "Grazier's Garden": 630.76,
          "OGC": 1387.99,
          "Queen of Hearts Superfood": 26.34,
          "Sweet Creek": 122.98,
          "Elegant Elephant Baking Co.": 98.69,
          "Radiant Coffee Roasters": 190.19,
          "Full Farm CSA": 11,
          "Creole Me Up": 32.37,
          "River Ranch Oregon Olive OIl": 43.68,
          "RL Plants": 17.29,
          "Barrett Baking": 21.28,
          "Spoiled Rotten Vinegar": 9.31
        },
        "category": {
          "Dry Goods": 1011.65,
          "Grass-fed Beef": 1570.64,
          "Organic Eggs": 839.01,
          "Raw Dairy (Unpasteurized)": 1869.75,
          "Pasture-raised Poultry": 423.51,
          "Sausages & Cured Meats": 1630.81,
          "Organic Vegetables - Other": 938.49,
          "Organic Vegetables - Squash": 204.5,
          "Organic Vegetables - Herbs": 162.93,
          "Organic Vegetables - Broccoli/Cauliflower/Cabbage": 555.97,
          "Organic Vegetables - Roots": 379.45,
          "Organic Fruit": 801.25,
          "Organic Vegetables - Leafy Greens": 679.35,
          "Pasture Raised Poultry": 35.41,
          "Organic Vegetables - Mushrooms": 166.21,
          "Organic Vegetables  - Broccoli/Cauliflower/Cabbage": 8.31,
          "Organic Vegetables - Potatoes": 159.6,
          "Organic Vegetables - Onions/Garlic": 144.4,
          "Spring Lamb": 332.22,
          "Pasture-raised Pork": 554.68,
          "Pasture Raised Pork": 9.49,
          "Home Goods": 17.29,
          "Organs/Lard/Bones": 5.38
        },
        "product": {
          "Raw Fresh Whole Milk": 1242,
          "Organic Pasture Raised Chicken Eggs": 839.01,
          "Cherries": 490.29,
          "Sugar Snap Peas": 367.5,
          "Red Raspberries": 310.96,
          "Ground Beef - All Natural": 262.47,
          "Raw A2/A2 Milk": 247,
          "Asparagus": 241.92,
          "Peppered Knife Cut Beef Jerky": 228.82,
          "Roasting Chicken": 227.46,
          "Green Zucchini": 204.5,
          "Fresh Farm Made Spring Herb Lamb Sausage- made weekly in our farm kitchen! **SALE**": 198.36,
          "New York Steak": 194.7,
          "Honey, Raw": 192.85,
          "Cauliflower": 189.24,
          "Beef Tenderloin": 184.58,
          "Huckleberry gold potatoes": 159.6,
          "Broccolini": 156.1,
          "Purple Sprouting Broccoli": 151.16,
          "Live Culture Yogurt": 148.96
        },
        "dropsite": {
          "PSU Farmers Market": 783.91,
          "Hollywood Farmers Market": 1276.57,
          "Cully": 1260.21,
          "Farm - Friday": 439.96,
          "Farm - Tuesday": 966.54,
          "Woodstock": 305.08,
          "St Johns Farmers Market": 770.5,
          "Beaverton": 187.98,
          "LCFM": 352.97,
          "Home Delivery - Eugene/Springfield/Junction City": 4143.23,
          "Friendly": 1036.63,
          "Springfield": 340.15,
          "W 11th": 636.57
        }
      }
    },
    {
      "dateRange": "2024-06-10 to 2024-06-16",
      "data": {
        "totalSales": "12247.27",
        "numOrders": 132,
        "numSubscriberOrders": 129,
        "numGuestOrders": 3,
        "averageItemsPerOrder": 7,
        "averageOrderAmount": "94.45",
        "totalActiveSubscribers": 206,
        "projectedMonthlySubscriptionRevenue": 48602,
        "vendors": {
          "Sweet Leaf Organic Farm": 4.75,
          "Little Wings": 607.32,
          "Barrett Baking": 86.88,
          "Deck Family Farm": 5946.17,
          "Red Tail Growers": 556.65,
          "Creamy Cow, LLC": 2043.57,
          "Grazier's Garden": 580.89,
          "Sweet Creek": 239.24,
          "Deck Family Farm's Hyland Processing": 882.07,
          "Queen of Hearts Superfood": 105.36,
          "Camas Country Mill": 59.23,
          "BNF Kombucha and Jun": 33.25,
          "OGC": 359.11,
          "Elegant Elephant Baking Co.": 187.8,
          "Radiant Coffee Roasters": 190.19,
          "Reality Kitchen Nonprofit": 70.95,
          "RL Plants": 95.76,
          "Creole Me Up": 46.48,
          "Full Farm CSA": 33,
          "Spoiled Rotten Vinegar": 50.84,
          "River Ranch Oregon Olive OIl": 14.56,
          "Lonesome Whistle": 26.6,
          "Kiko Denzer": 26.6
        },
        "category": {
          "Organic Vegetables - Leafy Greens": 847.72,
          "Organic Vegetables - Roots": 320.47,
          "Dry Goods": 1494.71,
          "Organic Eggs": 796.07,
          "Pasture-raised Poultry": 719.01,
          "Sausages & Cured Meats": 2038.65,
          "Grass-fed Beef": 1300.55,
          "Pasture-raised Pork": 868.66,
          "Organic Vegetables - Herbs": 85.01,
          "Raw Dairy (Unpasteurized)": 2043.57,
          "Organic Vegetables - Broccoli/Cauliflower/Cabbage": 304.47,
          "Organic Vegetables - Potatoes": 218.56,
          "Uncategorized": 62.3,
          "Organic Vegetables - Mushrooms": 294.69,
          "Organic Vegetables - Other": 37.8,
          "Spring Lamb": 680.71,
          "Home Goods": 122.36,
          "Pasture Raised Pork": 11.96
        },
        "product": {
          "Raw Fresh Whole Milk": 1174,
          "Organic Pasture Raised Chicken Eggs": 796.07,
          "Ground Beef - All Natural": 414.39,
          "New York Steak": 369.93,
          "Pork Shoulder Roast": 359.64,
          "Fresh Farm Made Spring Herb Lamb Sausage- made weekly in our farm kitchen! **SALE**": 297.54,
          "Honey, Raw": 297.35,
          "Broccolini": 255.99,
          "Live Culture Yogurt": 255.36,
          "Roasting Chicken": 253.68,
          "Baby Carrots": 243.84,
          "Huckleberry gold potatoes": 218.56,
          "Ground Lamb": 213.5,
          "Fresh Farm Made English Breakfast Sausage- made weekly in our farm kitchen! **SALE**": 212.5,
          "Top Sirloin Steak": 207.24,
          "Pork Bacon": 198.45,
          "Lamb Shoulder Roast": 193.74,
          "Pork Chop, Boneless Thick Cut": 189.44,
          "Shiitake Mushrooms": 179.19,
          "Beef Tri-Tip,": 179.1
        },
        "dropsite": {
          "Farm - Friday": 764.13,
          "PSU Farmers Market": 832.92,
          "Irvington": 330.4,
          "Hollywood Farmers Market": 1389.44,
          "Cully": 613.26,
          "LCFM": 514.59,
          "St Johns Farmers Market": 624.13,
          "Woodstock": 309.15,
          "Home Delivery - Corvallis": 242.28,
          "Beaverton": 190.75,
          "Corvallis": 184.72,
          "Home Delivery - Eugene/Springfield/Junction City": 3701.17,
          "Friendly": 969.34,
          "W 11th": 557.77,
          "Springfield": 162.53,
          "Farm - Tuesday": 860.69
        }
      }
    },
    {
      "dateRange": "2024-06-03 to 2024-06-09",
      "data": {
        "totalSales": "12187.32",
        "numOrders": 137,
        "numSubscriberOrders": 128,
        "numGuestOrders": 9,
        "averageItemsPerOrder": 8,
        "averageOrderAmount": "91.00",
        "totalActiveSubscribers": 206,
        "projectedMonthlySubscriptionRevenue": 48602,
        "vendors": {
          "Deck Family Farm": 5803.47,
          "OGC": 398.89,
          "Grazier's Garden": 589.99,
          "Little Wings": 1063.31,
          "Creole Me Up": 100.18,
          "Radiant Coffee Roasters": 178.86,
          "Deck Family Farm's Hyland Processing": 371.25,
          "Red Tail Growers": 526.17,
          "Creamy Cow, LLC": 2067.86,
          "Reality Kitchen Nonprofit": 111.15,
          "Sweet Creek": 288.48,
          "Elegant Elephant Baking Co.": 260.98,
          "BNF Kombucha and Jun": 33.25,
          "Barrett Baking": 63.84,
          "Lonesome Whistle": 53.83,
          "Queen of Hearts Superfood": 70.24,
          "RL Plants": 109.06,
          "Camas Country Mill": 20.05,
          "Full Farm CSA": 22,
          "Spoiled Rotten Vinegar": 39.9,
          "River Ranch Oregon Olive OIl": 14.56
        },
        "category": {
          "Organic Eggs": 956.27,
          "Spring Lamb": 98.74,
          "Pasture Raised Poultry": 70.61,
          "Organic Vegetables - Mushrooms": 263.75,
          "Organic Vegetables - Herbs": 256.8,
          "Organic Vegetables - Leafy Greens": 901.68,
          "Dry Goods": 1412.91,
          "Organic Vegetables - Potatoes": 291.16,
          "Sausages & Cured Meats": 1729.8,
          "Grass-fed Beef": 1709.76,
          "Organic Vegetables - Roots": 447.97,
          "Pasture-raised Pork": 443.37,
          "Raw Dairy (Unpasteurized)": 2059.88,
          "Uncategorized": 85.53,
          "Organic Vegetables - Broccoli/Cauliflower/Cabbage": 264.23,
          "Organic Vegetables - Other": 92.2,
          "Pasture-raised Poultry": 773.33,
          "Home Goods": 109.06,
          "Pasture Raised Pork": 140.08,
          "Organic Vegetables - Onions/Garlic": 50.85,
          "Dairy": 7.98,
          "Organic Vegetables  - Broccoli/Cauliflower/Cabbage": 3.6,
          "Organs/Lard/Bones": 17.76
        },
        "product": {
          "Raw Fresh Whole Milk": 1116,
          "Organic Pasture Raised Chicken Eggs": 956.27,
          "Beef Chuck Roast **SALE** 10% Off": 656.18,
          "Ground Beef - All Natural": 304.23,
          "Raw A2/A2 Milk": 304,
          "Pork Bacon": 253.68,
          "Roasting Chicken": 243.54,
          "Honey, Raw": 222.88,
          "Sage and Sea Salt Pork Breakfast Sausage": 200.96,
          "Pork Shoulder Roast": 199.8,
          "Salad Mix": 191.14,
          "Baby Carrots": 190.24,
          "New York Steak": 179.75,
          "Raw Sweet Cream Butter": 159.6,
          "Live Culture Yogurt": 159.6,
          "New German Butterball Potatoes": 155.68,
          "Peppered Knife Cut Beef Jerky": 151.96,
          "Baby Bok Choi": 143.9,
          "Summer Sausage": 138.16,
          "Shiitake Mushrooms": 136.55
        },
        "dropsite": {
          "Hollywood Farmers Market": 1452.44,
          "Woodstock": 1092.73,
          "LCFM": 321.1,
          "PSU Farmers Market": 795.66,
          "Farm - Friday": 1008.56,
          "Irvington": 351.4,
          "St Johns Farmers Market": 463.76,
          "Cully": 281.23,
          "Farm - Tuesday": 754.25,
          "Home Delivery - Eugene/Springfield/Junction City": 3840.66,
          "Friendly": 981.9,
          "Springfield": 126.63,
          "W 11th": 547.63,
          "Home Delivery - Corvallis": 62.51,
          "Beaverton": 106.86
        }
      }
    },
    {
      "dateRange": "2024-05-27 to 2024-06-02",
      "data": {
        "totalSales": "12256.56",
        "numOrders": 133,
        "numSubscriberOrders": 129,
        "numGuestOrders": 4,
        "averageItemsPerOrder": 8,
        "averageOrderAmount": "93.96",
        "totalActiveSubscribers": 206,
        "projectedMonthlySubscriptionRevenue": 48602,
        "vendors": {
          "Deck Family Farm": 5448.55,
          "Reality Kitchen Nonprofit": 84.55,
          "Sweet Creek": 337.26,
          "Grazier's Garden": 1142.22,
          "Little Wings": 572.59,
          "OGC": 605.7,
          "Red Tail Growers": 643.27,
          "Creamy Cow, LLC": 2183.78,
          "Queen of Hearts Superfood": 35.12,
          "Barrett Baking": 42.56,
          "Lonesome Whistle": 100.14,
          "Deck Family Farm's Hyland Processing": 422.96,
          "Radiant Coffee Roasters": 73.15,
          "Elegant Elephant Baking Co.": 138.94,
          "River Ranch Oregon Olive OIl": 58.24,
          "BNF Kombucha and Jun": 166.58,
          "RL Plants": 19.95,
          "Camas Country Mill": 19.05,
          "Spoiled Rotten Vinegar": 21.28,
          "Creole Me Up": 140.67
        },
        "category": {
          "Organic Eggs": 821.59,
          "Dry Goods": 1424.82,
          "Organic Vegetables - Onions/Garlic": 233.15,
          "Sausages & Cured Meats": 1648.66,
          "Organic Vegetables - Roots": 553.75,
          "Organic Vegetables - Leafy Greens": 888.87,
          "Organic Vegetables - Mushrooms": 391.43,
          "Grass-fed Beef": 1698.44,
          "Pasture-raised Pork": 491.53,
          "Raw Dairy (Unpasteurized)": 2170.48,
          "Organic Vegetables - Potatoes": 368.86,
          "Pasture-raised Poultry": 901.89,
          "Organic Vegetables - Other": 146.68,
          "Spring Lamb": 39.47,
          "Organic Vegetables - Herbs": 279.56,
          "Dairy": 13.3,
          "Uncategorized": 26.4,
          "Home Goods": 19.95,
          "Pasture Raised Pork": 26.76,
          "Pasture Raised Poultry": 9.49,
          "Organic Vegetables - Broccoli/Cauliflower/Cabbage": 101.48
        },
        "product": {
          "Raw Fresh Whole Milk": 1076,
          "Organic Pasture Raised Chicken Eggs": 821.59,
          "Ground Beef - All Natural **SALE** 3 Lbs.": 640.97,
          "Orange Carrots": 299.85,
          "Raw A2/A2 Milk": 285,
          "Pork Bacon": 251.37,
          "Shiitake Mushrooms": 223.03,
          "Henni Penni Hispanico   7.4-8.4oz": 203.39,
          "Red Ranger Roaster": 199.16,
          "Skirt Steak, Medium": 197.3,
          "Chicken Hindquarter": 193.8,
          "Garlic Scapes": 189.95,
          "New German Butterball Potatoes": 172.8,
          "Crimini Mushrooms": 168.4,
          "Red Beets": 159.81,
          "Live Culture Yogurt 1 qt.": 159.6,
          "Chicken Wings": 150.71,
          "Honey, Raw": 150.25,
          "Roasting Chicken": 146.74,
          "Pork Chop, Boneless Thick Cut": 142.08
        },
        "dropsite": {
          "Woodstock": 678.44,
          "Beaverton": 361.99,
          "Hollywood Farmers Market": 936.52,
          "Farm - Friday": 358.95,
          "St Johns Farmers Market": 477.74,
          "Cully": 611.63,
          "LCFM": 424.21,
          "PSU Farmers Market": 774.74,
          "Corvallis": 1024.53,
          "Irvington": 430.15,
          "Home Delivery - Eugene/Springfield/Junction City": 4053.87,
          "Friendly": 864.31,
          "W 11th": 632.62,
          "Farm - Tuesday": 562.37,
          "Home Delivery - Corvallis": 64.49
        }
      }
    },
    {
      "dateRange": "2024-05-20 to 2024-05-26",
      "data": {
        "totalSales": "10827.17",
        "numOrders": 124,
        "numSubscriberOrders": 121,
        "numGuestOrders": 3,
        "averageItemsPerOrder": 8,
        "averageOrderAmount": "89.01",
        "totalActiveSubscribers": 206,
        "projectedMonthlySubscriptionRevenue": 48602,
        "vendors": {
          "Deck Family Farm": 4934.84,
          "Radiant Coffee Roasters": 146.3,
          "Elegant Elephant Baking Co.": 243.02,
          "Grazier's Garden": 776.54,
          "OGC": 553.35,
          "Deck Family Farm's Hyland Processing": 251.12,
          "Little Wings": 879.17,
          "Creamy Cow, LLC": 2092.45,
          "Sweet Creek": 121.06,
          "Reality Kitchen Nonprofit": 91.85,
          "RL Plants": 11.97,
          "Red Tail Growers": 187.2,
          "Creole Me Up": 104.76,
          "Queen of Hearts Superfood": 35.12,
          "BNF Kombucha and Jun": 214.33,
          "Lonesome Whistle": 53.17,
          "Barrett Baking": 85.12,
          "Camas Country Mill": 27.33,
          "Spoiled Rotten Vinegar": 10.01,
          "Camas Swale Farm": 5.6,
          "Small is Beautiful Farm": 2.86
        },
        "category": {
          "Grass-fed Beef": 1302.75,
          "Pasture-raised Pork": 540.97,
          "Dry Goods": 1385.41,
          "Organic Vegetables - Potatoes": 401.52,
          "Organic Vegetables - Onions/Garlic": 246.66,
          "Sausages & Cured Meats": 1652.12,
          "Organic Vegetables - Squash": 83.7,
          "Organic Vegetables - Mushrooms": 247.84,
          "Organic Vegetables - Broccoli/Cauliflower/Cabbage": 62.1,
          "Organic Vegetables - Roots": 357.12,
          "Raw Dairy (Unpasteurized)": 2044.57,
          "Organic Vegetables - Leafy Greens": 775.59,
          "Organic Eggs": 775.27,
          "Home Goods": 11.97,
          "Pasture-raised Poultry": 575.37,
          "Organic Vegetables - Other": 111.82,
          "Spring Lamb": 20.84,
          "Organic Vegetables - Herbs": 118.37,
          "Organs/Lard/Bones": 18.22,
          "Pasture Raised Poultry": 37.58,
          "Uncategorized": 9.5,
          "Dairy": 47.88
        },
        "product": {
          "Raw Fresh Whole Milk": 1088,
          "Organic Pasture Raised Chicken Eggs": 765.4,
          "Ground Beef - All Natural **SALE** 3 Lbs.": 685.11,
          "Roasting Chicken": 341.31,
          "Pork Bacon": 277.83,
          "Raw Sweet Cream Butter": 255.36,
          "Live Culture Yogurt 1 qt.": 252.7,
          "Raw A2/A2 Milk": 247,
          "New German Butterball Potatoes": 214.36,
          "Sage and Sea Salt Pork Breakfast Sausage": 200.96,
          "Honey, Raw": 199.14,
          "Orange Carrots": 195.81,
          "Shiitake Mushrooms": 179.59,
          "Skirt Steak, Medium": 157.84,
          "Ground Pork": 143.11,
          "Peppered Knife Cut Beef Jerky": 134.6,
          "Banana fingerling potatoes": 126.58,
          "Summer Sausage": 125.6,
          "Salad Mix": 122.32,
          "Olympia Provisions, Dog Treats": 121.14
        },
        "dropsite": {
          "PSU Farmers Market": 642.95,
          "Woodstock": 624.26,
          "LCFM": 326.77,
          "Hollywood Farmers Market": 1051.43,
          "Cully": 261.37,
          "Farm - Friday": 691.83,
          "St Johns Farmers Market": 468.89,
          "Irvington": 290.58,
          "Home Delivery - Eugene/Springfield/Junction City": 3625.73,
          "W 11th": 524.15,
          "Friendly": 978.08,
          "Farm - Tuesday": 698.93,
          "Beaverton": 196.98,
          "Corvallis": 138.13,
          "Home Delivery - Corvallis": 307.09
        }
      }
    },
    {
      "dateRange": "2024-05-13 to 2024-05-19",
      "data": {
        "totalSales": "12794.36",
        "numOrders": 132,
        "numSubscriberOrders": 128,
        "numGuestOrders": 4,
        "averageItemsPerOrder": 8,
        "averageOrderAmount": "98.44",
        "totalActiveSubscribers": 206,
        "projectedMonthlySubscriptionRevenue": 48602,
        "vendors": {
          "Deck Family Farm": 6307.32,
          "Radiant Coffee Roasters": 293.7,
          "Reality Kitchen Nonprofit": 131.1,
          "BNF Kombucha and Jun": 315.29,
          "Elegant Elephant Baking Co.": 136.54,
          "Little Wings": 842.92,
          "Grazier's Garden": 342.48,
          "OGC": 683.32,
          "Deck Family Farm's Hyland Processing": 400.17,
          "Creamy Cow, LLC": 2196.91,
          "Sweet Creek": 277.68,
          "RL Plants": 13.3,
          "Queen of Hearts Superfood": 175.6,
          "Camas Swale Farm": 325.14,
          "Barrett Baking": 74.48,
          "Lonesome Whistle": 130.05,
          "Camas Country Mill": 87.02,
          "Spoiled Rotten Vinegar": 39.9,
          "Full Farm CSA": 21.44
        },
        "category": {
          "Grass-fed Beef": 2249.12,
          "Dry Goods": 1930.9,
          "Sausages & Cured Meats": 1908.86,
          "Organic Vegetables - Other": 138.66,
          "Organic Vegetables - Herbs": 121.5,
          "Organic Vegetables - Mushrooms": 208.89,
          "Organic Vegetables - Onions/Garlic": 313.33,
          "Organic Vegetables - Roots": 339.6,
          "Organic Vegetables - Leafy Greens": 1071.88,
          "Raw Dairy (Unpasteurized)": 2122.43,
          "Pasture-raised Poultry": 736.79,
          "Organic Eggs": 712.33,
          "Home Goods": 13.3,
          "Pasture-raised Pork": 487.41,
          "Spring Lamb": 71.76,
          "Dairy": 74.48,
          "Pasture Raised Poultry": 247.97,
          "Uncategorized": 10.75,
          "Pasture Raised Pork": 34.4
        },
        "product": {
          "Ground Beef - All Natural **SALE** 3 Lbs.": 1221.57,
          "Raw Fresh Whole Milk": 1096,
          "Organic Pasture Raised Chicken Eggs": 553.27,
          "Bone-In Chicken Breast": 348.68,
          "Live Culture Yogurt 1 qt.": 319.2,
          "Raw A2/A2 Milk": 304,
          "Chicken Hindquarter": 290.99,
          "Pork Bacon": 286.91,
          "Orange Carrots": 239.7,
          "Honey, Raw": 219.39,
          "Peppered Knife Cut Beef Jerky": 215.36,
          "Salad Mix": 205.72,
          "Pea Shoots": 189,
          "Fresh Farm Made Lamb Merguez Ground Sausage- made weekly in our farm kitchen!": 166.92,
          "Raw Sweet Cream Butter": 159.6,
          "Organic Pasture Raised Chicken Eggs *Special Offer*": 159.06,
          "Spinach  1/2 Lb.": 157.84,
          "Skirt Steak, Medium": 157.84,
          "Red Onion": 137.89,
          "Raw Farmer's Cheese": 129.25
        },
        "dropsite": {
          "Farm - Tuesday": 540.45,
          "Cully": 1367.47,
          "Hollywood Farmers Market": 1485.01,
          "Irvington": 458.04,
          "Farm - Friday": 441.55,
          "St Johns Farmers Market": 258.73,
          "LCFM": 418.11,
          "Beaverton": 127.76,
          "Woodstock": 667.23,
          "Home Delivery - Eugene/Springfield/Junction City": 4264.22,
          "W 11th": 664.54,
          "Friendly": 1112,
          "PSU Farmers Market": 397.2,
          "Corvallis": 521.34,
          "Home Delivery - Corvallis": 70.71
        }
      }
    },
    {
      "dateRange": "2024-05-06 to 2024-05-12",
      "data": {
        "totalSales": "13974.91",
        "numOrders": 157,
        "numSubscriberOrders": 153,
        "numGuestOrders": 4,
        "averageItemsPerOrder": 8,
        "averageOrderAmount": "91.05",
        "totalActiveSubscribers": 206,
        "projectedMonthlySubscriptionRevenue": 48602,
        "vendors": {
          "Deck Family Farm": 6352.67,
          "OGC": 827.17,
          "Creamy Cow, LLC": 2783.51,
          "Radiant Coffee Roasters": 204.82,
          "Grazier's Garden": 653.18,
          "Spoiled Rotten Vinegar": 29.26,
          "Little Wings": 855.58,
          "Sweet Creek": 626.01,
          "Lonesome Whistle": 156.07,
          "Barrett Baking": 85.12,
          "BNF Kombucha and Jun": 340.24,
          "Camas Country Mill": 97.66,
          "Deck Family Farm's Hyland Processing": 509.6,
          "Reality Kitchen Nonprofit": 82.2,
          "RL Plants": 55.86,
          "Elegant Elephant Baking Co.": 166.62,
          "Queen of Hearts Superfood": 17.56,
          "River Ranch Oregon Olive OIl": 43.68,
          "Creole Me Up": 9.98,
          "Kiko Denzer": 72.8,
          "Small is Beautiful Farm": 5.32
        },
        "category": {
          "Grass-fed Beef": 1976.82,
          "Pasture-raised Poultry": 759.41,
          "Organic Vegetables - Other": 180.46,
          "Raw Dairy (Unpasteurized)": 2743.61,
          "Organic Eggs": 1032.99,
          "Dry Goods": 2005.21,
          "Sausages & Cured Meats": 1890.51,
          "Organic Vegetables - Mushrooms": 352.84,
          "Organic Vegetables - Broccoli/Cauliflower/Cabbage": 96.05,
          "Organic Vegetables - Herbs": 257.13,
          "Organic Vegetables - Leafy Greens": 815.14,
          "Organic Vegetables - Roots": 465.47,
          "Organic Vegetables - Onions/Garlic": 174.16,
          "Pasture-raised Pork": 651.41,
          "Spring Lamb": 143.6,
          "Home Goods": 128.66,
          "Uncategorized": 36.81,
          "Pasture Raised Pork": 117.65,
          "Dairy": 39.9,
          "Pasture Raised Poultry": 27.34,
          "Organs/Lard/Bones": 79.74
        },
        "product": {
          "Raw Fresh Whole Milk": 1422,
          "Organic Pasture Raised Chicken Eggs *Special Offer*": 1023.75,
          "Ground Beef - All Natural": 550.01,
          "Pork Chop, Boneless Thick Cut *SALE*": 471.88,
          "Raw A2/A2 Milk": 399,
          "Orange Carrots": 360,
          "Salad Mix": 350.04,
          "Chicken Hindquarter": 272.82,
          "Top Sirloin Steak": 244.92,
          "Live Culture Yogurt 1 qt.": 239.4,
          "Pork Bacon": 211.68,
          "Bone-In Chicken Breast": 196,
          "Shiitake Mushrooms": 179.59,
          "Peppered Knife Cut Beef Jerky": 178.1,
          "Crimini Mushrooms": 173.25,
          "Green Curly Kale": 167.64,
          "Beef Liver": 165.78,
          "Smoked Polish Kielbasa Sausage": 148.1,
          "Beef Brisket Medium": 148.08,
          "Korean Beef Short Ribs": 145.32
        },
        "dropsite": {
          "Farm - Friday": 745.18,
          "Farm - Tuesday": 996.31,
          "Hollywood Farmers Market": 1634.57,
          "LCFM": 273.47,
          "PSU Farmers Market": 974.43,
          "Cully": 877.41,
          "Beaverton": 142.67,
          "Irvington": 202.65,
          "Woodstock": 561.15,
          "Home Delivery - Eugene/Springfield/Junction City": 4975.16,
          "Friendly": 829.69,
          "W 11th": 1195.93,
          "St Johns Farmers Market": 351.17,
          "Corvallis": 156.7,
          "Home Delivery - Corvallis": 58.42
        }
      }
    },
    {
      "dateRange": "2024-04-29 to 2024-05-05",
      "data": {
        "totalSales": "12386.14",
        "numOrders": 139,
        "numSubscriberOrders": 134,
        "numGuestOrders": 5,
        "averageItemsPerOrder": 6,
        "averageOrderAmount": "90.69",
        "totalActiveSubscribers": 206,
        "projectedMonthlySubscriptionRevenue": 48602,
        "vendors": {
          "Little Wings": 42.52,
          "Creamy Cow, LLC": 2180.92,
          "Deck Family Farm": 7088.55,
          "Elegant Elephant Baking Co.": 341.11,
          "Deck Family Farm's Hyland Processing": 282.58,
          "Grazier's Garden": 1213.02,
          "OGC": 461.16,
          "Camas Country Mill": 151.74,
          "Queen of Hearts Superfood": 140.48,
          "Barrett Baking": 85.12,
          "Spoiled Rotten Vinegar": 29.26,
          "Creole Me Up": 19.96,
          "Radiant Coffee Roasters": 234.08,
          "Lonesome Whistle": 27.47,
          "Reality Kitchen Nonprofit": 42.4,
          "BNF Kombucha and Jun": 45.77
        },
        "category": {
          "Organic Vegetables - Herbs": 186.56,
          "Organic Vegetables - Leafy Greens": 625.28,
          "Raw Dairy (Unpasteurized)": 2111.76,
          "Spring Lamb": 206.19,
          "Dry Goods": 1497.72,
          "Sausages & Cured Meats": 1716.14,
          "Pasture-raised Pork": 1430.88,
          "Organic Vegetables - Roots": 172.75,
          "Organic Eggs": 921.29,
          "Organic Vegetables - Potatoes": 144.44,
          "Organic Vegetables - Other": 4.72,
          "Organic Vegetables - Mushrooms": 310.7,
          "Grass-fed Beef": 1653.8,
          "Pasture-raised Poultry": 695.92,
          "Organic Vegetables - Broccoli/Cauliflower/Cabbage": 272.25,
          "Dairy": 69.16,
          "Pasture Raised Poultry": 91.03,
          "Pasture Raised Pork": 253.2,
          "Organs/Lard/Bones": 14.35,
          "Uncategorized": 8
        },
        "product": {
          "Raw Fresh Whole Milk": 1158,
          "Organic Pasture Raised Chicken Eggs": 921.29,
          "Pork Chop, Boneless Thick Cut *SALE*": 883.4,
          "Ground Beef - All Natural": 506.45,
          "Raw A2/A2 Milk": 323,
          "Honey, Raw": 300.33,
          "Live Culture Yogurt 1 qt.": 252.7,
          "Summer Sausage": 238.64,
          "Pork Shoulder Roast": 199.8,
          "New York Steak": 196.96,
          "Mixed kale": 196.84,
          "Sage and Sea Salt Pork Breakfast Sausage": 176.57,
          "Beef Patties": 167.7,
          "Shiitake Mushrooms": 162.9,
          "Rosette D' Oregon Salami *SALE*": 162.3,
          "Pork Bacon": 159.53,
          "Ground Pork": 156.88,
          "Chicken Hindquarter": 155.04,
          "Chicken Wings": 153.21,
          "Beef Brisket Medium": 148.08
        },
        "dropsite": {
          "Farm - Friday": 856.28,
          "Woodstock": 533.33,
          "Hollywood Farmers Market": 1484.67,
          "LCFM": 297.72,
          "Irvington": 305.52,
          "Corvallis": 239.03,
          "St Johns Farmers Market": 470.23,
          "Cully": 732.67,
          "Beaverton": 175.43,
          "PSU Farmers Market": 596.93,
          "Home Delivery - Eugene/Springfield/Junction City": 4667.79,
          "Friendly": 1060.88,
          "W 11th": 658.84,
          "Farm - Tuesday": 218.19,
          "Home Delivery - Corvallis": 88.63
        }
      }
    },
    {
      "dateRange": "2024-04-22 to 2024-04-28",
      "data": {
        "totalSales": "10599.65",
        "numOrders": 134,
        "numSubscriberOrders": 129,
        "numGuestOrders": 5,
        "averageItemsPerOrder": 6,
        "averageOrderAmount": "81.04",
        "totalActiveSubscribers": 206,
        "projectedMonthlySubscriptionRevenue": 48602,
        "vendors": {
          "Deck Family Farm": 5056.86,
          "Creamy Cow, LLC": 2524.77,
          "Grazier's Garden": 1183.24,
          "Reality Kitchen Nonprofit": 106.95,
          "Queen of Hearts Superfood": 140.48,
          "Radiant Coffee Roasters": 204.82,
          "OGC": 448.19,
          "Elegant Elephant Baking Co.": 176.33,
          "Camas Country Mill": 132.93,
          "Deck Family Farm's Hyland Processing": 189.59,
          "Spoiled Rotten Vinegar": 27.93,
          "Barrett Baking": 97.52,
          "Small is Beautiful Farm": 120.3,
          "RL Plants": 105.07,
          "River Ranch Oregon Olive OIl": 29.12,
          "Lonesome Whistle": 15.95,
          "Kiko Denzer": 39.6
        },
        "category": {
          "Sausages & Cured Meats": 1578.87,
          "Pasture-raised Poultry": 957.6,
          "Raw Dairy (Unpasteurized)": 2498.17,
          "Organic Eggs": 957.11,
          "Spring Lamb": 102.48,
          "Pasture-raised Pork": 410.13,
          "Grass-fed Beef": 886.25,
          "Organic Vegetables - Broccoli/Cauliflower/Cabbage": 323.42,
          "Organic Vegetables - Leafy Greens": 729.83,
          "Dry Goods": 1164.05,
          "Dairy": 26.6,
          "Organic Vegetables - Herbs": 197.71,
          "Organic Vegetables - Mushrooms": 315.33,
          "Organic Vegetables - Potatoes": 147.74,
          "Organs/Lard/Bones": 21.99,
          "Pasture Raised Poultry": 70.5,
          "Organic Vegetables - Roots": 37.7,
          "Pasture Raised Pork": 9.1,
          "Home Goods": 144.67,
          "Uncategorized": 20.4
        },
        "product": {
          "Raw Fresh Whole Milk": 1222,
          "Organic Pasture Raised Chicken Eggs": 957.11,
          "Roasting Chicken *SALE*": 629.2,
          "Raw A2/A2 Milk": 456,
          "Ground Beef - All Natural": 412.02,
          "Spinach": 248.83,
          "Purple Sprouting Broccoli": 238.92,
          "Pork Bacon": 235.6,
          "Live Culture Yogurt 1 qt.": 226.1,
          "Raw Sweet Cream Butter": 223.44,
          "Sage and Sea Salt Pork Breakfast Sausage": 192.8,
          "Sour Cream": 175.56,
          "Shiitake Mushrooms": 168.33,
          "Ground Pork": 149.6,
          "Crimini Mushrooms": 147,
          "Cracked Walnuts": 139.02,
          "Beef Chuck Roast": 132.49,
          "Top Sirloin Steak": 126.99,
          "Russet potatoes": 117.84,
          "Rainbow Chard": 116.5
        },
        "dropsite": {
          "PSU Farmers Market": 1057.35,
          "LCFM": 140.17,
          "Cully": 659.44,
          "Zafar Residence": 93.2,
          "Irvington": 503.23,
          "Hollywood Farmers Market": 964.53,
          "St Johns Farmers Market": 270.34,
          "Woodstock": 639.03,
          "Farm - Friday": 162.18,
          "Farm - Tuesday": 727.19,
          "Home Delivery - Eugene/Springfield/Junction City": 3122.24,
          "Friendly": 879.44,
          "W 11th": 1047.01,
          "Home Delivery - Corvallis": 47.07,
          "Corvallis": 287.23
        }
      }
    },
    {
      "dateRange": "2024-04-15 to 2024-04-21",
      "data": {
        "totalSales": "11812.94",
        "numOrders": 133,
        "numSubscriberOrders": 127,
        "numGuestOrders": 6,
        "averageItemsPerOrder": 7,
        "averageOrderAmount": "90.92",
        "totalActiveSubscribers": 206,
        "projectedMonthlySubscriptionRevenue": 48602,
        "vendors": {
          "Deck Family Farm": 5634.23,
          "OGC": 459.31,
          "Grazier's Garden": 1358.32,
          "Creamy Cow, LLC": 2727.31,
          "Deck Family Farm's Hyland Processing": 290.57,
          "Elegant Elephant Baking Co.": 201.5,
          "Reality Kitchen Nonprofit": 61.2,
          "Full Farm CSA": 22.61,
          "RL Plants": 33.25,
          "Camas Country Mill": 189.74,
          "Radiant Coffee Roasters": 279.07,
          "Small is Beautiful Farm": 245.12,
          "Barrett Baking": 159.6,
          "Lonesome Whistle": 8.86,
          "Queen of Hearts Superfood": 53.34,
          "River Ranch Oregon Olive OIl": 43.68,
          "Creole Me Up": 19.96,
          "Spoiled Rotten Vinegar": 19.95,
          "Sweet Creek": 5.32
        },
        "category": {
          "Pasture-raised Poultry": 1101.14,
          "Organic Vegetables - Mushrooms": 315.33,
          "Organic Vegetables - Broccoli/Cauliflower/Cabbage": 412.51,
          "Organic Vegetables - Leafy Greens": 825.57,
          "Raw Dairy (Unpasteurized)": 2690.07,
          "Organic Eggs": 820.82,
          "Grass-fed Beef": 1105.04,
          "Sausages & Cured Meats": 1439.08,
          "Dry Goods": 1245.26,
          "Organic Vegetables - Potatoes": 170.64,
          "Pasture-raised Pork": 640.12,
          "Home Goods": 55.86,
          "Organic Vegetables - Herbs": 211.82,
          "Spring Lamb": 191.62,
          "Organic Vegetables - Roots": 55.06,
          "Pasture Raised Poultry": 308.21,
          "Organic Fruit": 71.82,
          "Dairy": 37.24,
          "Organs/Lard/Bones": 39.41,
          "Pasture Raised Pork": 76.32
        },
        "product": {
          "Raw Fresh Whole Milk": 1090,
          "Organic Pasture Raised Chicken Eggs": 820.82,
          "Raw A2/A2 Milk": 513,
          "Ground Beef - All Natural": 444.84,
          "Purple Sprouting Broccoli": 285.12,
          "Bone-In Chicken Breast": 264.88,
          "Roasting Chicken *SALE*": 257.4,
          "Roasting Chicken": 238,
          "Spinach": 235,
          "Pork Belly": 219.76,
          "Rosette D' Oregon Salami *SALE*": 199.5,
          "Pork Bacon": 189.09,
          "Russet potatoes": 170.64,
          "Shiitake Mushrooms": 168.33,
          "Honey, Raw": 166.08,
          "Chicken Wings": 165.57,
          "Lucianna Toma Rustica 6.3-7.4oz": 161.64,
          "Raw Sweet Cream Butter": 159.6,
          "Organic Artisan Sourdough Loaf": 159.6,
          "Ground Pork": 149.6
        },
        "dropsite": {
          "Hollywood Farmers Market": 1117.46,
          "PSU Farmers Market": 786.42,
          "Cully": 887.53,
          "Irvington": 611.46,
          "Woodstock": 401.53,
          "St Johns Farmers Market": 303.69,
          "LCFM": 508.1,
          "W 11th": 608.55,
          "Home Delivery - Eugene/Springfield/Junction City": 4011.5,
          "Friendly": 1051.87,
          "Farm - Tuesday": 758.67,
          "Farm - Friday": 660.18,
          "Corvallis": 48.21,
          "Home Delivery - Corvallis": 57.77
        }
      }
    },
    {
      "dateRange": "2024-04-08 to 2024-04-14",
      "data": {
        "totalSales": "13560.02",
        "numOrders": 135,
        "numSubscriberOrders": 128,
        "numGuestOrders": 7,
        "averageItemsPerOrder": 7,
        "averageOrderAmount": "102.37",
        "totalActiveSubscribers": 206,
        "projectedMonthlySubscriptionRevenue": 48602,
        "vendors": {
          "OGC": 406.81,
          "Creamy Cow, LLC": 2484.11,
          "Deck Family Farm": 7191.24,
          "Camas Country Mill": 376,
          "Deck Family Farm's Hyland Processing": 273.27,
          "Queen of Hearts Superfood": 149.26,
          "Grazier's Garden": 1187.99,
          "Barrett Baking": 86.88,
          "Reality Kitchen Nonprofit": 90.25,
          "Small is Beautiful Farm": 277.44,
          "Radiant Coffee Roasters": 307.23,
          "Elegant Elephant Baking Co.": 195.69,
          "Spoiled Rotten Vinegar": 106.4,
          "Sweet Creek": 50.91,
          "River Ranch Oregon Olive OIl": 160.16,
          "Creole Me Up": 52.79,
          "Full Farm CSA": 139.65,
          "Lonesome Whistle": 13.3,
          "Kiko Denzer": 10.64
        },
        "category": {
          "Organic Vegetables - Roots": 53.51,
          "Raw Dairy (Unpasteurized)": 2449.53,
          "Pasture-raised Pork": 827.75,
          "Dry Goods": 1982.63,
          "Organic Eggs": 850.08,
          "Sausages & Cured Meats": 1976.69,
          "Organic Vegetables - Mushrooms": 279.56,
          "Organic Vegetables - Herbs": 87.47,
          "Organic Vegetables - Broccoli/Cauliflower/Cabbage": 414.82,
          "Organic Vegetables - Leafy Greens": 656.72,
          "Pasture-raised Poultry": 862.88,
          "Pasture Raised Poultry": 196.78,
          "Organic Vegetables - Potatoes": 138.72,
          "Organic Fruit": 127.68,
          "Grass-fed Beef": 1710.34,
          "Spring Lamb": 488.78,
          "Organic Vegetables - Onions/Garlic": 113.76,
          "Dairy": 34.58,
          "Organs/Lard/Bones": 11.26,
          "Pasture Raised Pork": 85.33,
          "Uncategorized": 41.92,
          "Home Goods": 150.29,
          "Organ Meat & Lard": 18.94
        },
        "product": {
          "Raw Fresh Whole Milk": 1320,
          "Organic Pasture Raised Chicken Eggs": 850.08,
          "Honey, Raw": 376.04,
          "Rosette D' Oregon Salami *SALE*": 361.5,
          "Raw A2/A2 Milk": 361,
          "Ground Pork *SALE* 4 Lb pack": 342,
          "Ribeye Steak": 339.57,
          "Purple Sprouting Broccoli": 311.7,
          "Roasting Chicken": 277.2,
          "Ground Beef - All Natural": 248.76,
          "Raw Sweet Cream Butter": 223.44,
          "New York Steak": 213.52,
          "Chicken Hindquarter": 208.58,
          "Pork Bacon": 199.43,
          "Live Culture Yogurt": 191.52,
          "Ground Lamb": 185.64,
          "Sweet Italian Sausage Links": 180.18,
          "Red Ranger Roaster": 174.78,
          "Shiitake Mushrooms": 174.56,
          "Peppered Knife Cut Beef Jerky": 155.04
        },
        "dropsite": {
          "Corvallis": 277.3,
          "Hollywood Farmers Market": 1325.05,
          "Cully": 424.11,
          "St Johns Farmers Market": 315.48,
          "Home Delivery - Corvallis": 197.38,
          "LCFM": 502.27,
          "PSU Farmers Market": 1217.86,
          "Woodstock": 654.31,
          "Friendly": 830.94,
          "Home Delivery - Eugene/Springfield/Junction City": 5283.77,
          "W 11th": 1096.25,
          "Farm - Tuesday": 811.75,
          "Irvington": 393.89,
          "Farm - Friday": 229.66
        }
      }
    },
    {
      "dateRange": "2024-04-01 to 2024-04-07",
      "data": {
        "totalSales": "12206.96",
        "numOrders": 124,
        "numSubscriberOrders": 120,
        "numGuestOrders": 4,
        "averageItemsPerOrder": 7,
        "averageOrderAmount": "100.22",
        "totalActiveSubscribers": 206,
        "projectedMonthlySubscriptionRevenue": 48602,
        "vendors": {
          "Deck Family Farm": 6618.59,
          "Grazier's Garden": 1237.83,
          "OGC": 455.06,
          "Creamy Cow, LLC": 2213.67,
          "Radiant Coffee Roasters": 190.19,
          "Small is Beautiful Farm": 452.2,
          "Deck Family Farm's Hyland Processing": 173.04,
          "River Ranch Oregon Olive OIl": 102.8,
          "Camas Country Mill": 209.12,
          "Kiko Denzer": 26.6,
          "Sweet Creek": 65.85,
          "Lonesome Whistle": 26.6,
          "BNF Kombucha and Jun": 25.44,
          "Reality Kitchen Nonprofit": 76.25,
          "Barrett Baking": 95.76,
          "Elegant Elephant Baking Co.": 152.3,
          "Spoiled Rotten Vinegar": 21.28,
          "Creole Me Up": 23.94,
          "Queen of Hearts Superfood": 35.12,
          "RL Plants": 5.32
        },
        "category": {
          "Pasture Raised Poultry": 235.64,
          "Sausages & Cured Meats": 1254.75,
          "Grass-fed Beef": 1711.06,
          "Pasture Raised Pork": 181.62,
          "Pasture-raised Poultry": 679.78,
          "Organic Vegetables - Herbs": 111.93,
          "Organic Vegetables - Leafy Greens": 619.92,
          "Organic Vegetables - Mushrooms": 327.09,
          "Organic Vegetables - Broccoli/Cauliflower/Cabbage": 527.28,
          "Raw Dairy (Unpasteurized)": 2173.77,
          "Organic Vegetables - Onions/Garlic": 88.48,
          "Pasture-raised Pork": 1180.63,
          "Organic Vegetables - Roots": 228.33,
          "Dry Goods": 1199.37,
          "Organic Fruit": 127.68,
          "Spring Lamb": 560.12,
          "Organic Vegetables - Potatoes": 114.38,
          "Organic Eggs": 796.95,
          "Home Goods": 31.92,
          "Dairy": 39.9,
          "Organs/Lard/Bones": 16.36
        },
        "product": {
          "Raw Fresh Whole Milk": 1162,
          "Organic Pasture Raised Chicken Eggs": 796.95,
          "Ground Beef - All Natural": 568.04,
          "Ground Pork *SALE* 4 Lb pack": 456,
          "Live Culture Yogurt": 321.86,
          "Purple Sprouting Broccoli": 306.72,
          "Roasting Chicken": 271.6,
          "Raw Fresh Sweet Cream": 235,
          "Raw A2/A2 Milk": 228,
          "Shiitake Mushrooms": 206.34,
          "Bone-In Chicken Breast": 190.96,
          "Chicken Hindquarter": 188.2,
          "Pork Bacon": 176.69,
          "Pork Belly": 164.82,
          "Honey, Raw": 156.24,
          "Winter Carrots": 154.28,
          "Ribeye Steak": 147.84,
          "Beef Tri-Tip": 146.72,
          "Western Beef Short Ribs, Large": 145.56,
          "Skirt Steak, Medium": 138.6
        },
        "dropsite": {
          "Farm - Friday": 999.54,
          "Hollywood Farmers Market": 1302.5,
          "Cully": 723.87,
          "LCFM": 412.08,
          "St Johns Farmers Market": 351.89,
          "PSU Farmers Market": 588.56,
          "Irvington": 186.53,
          "Woodstock": 621.41,
          "Farm - Tuesday": 293.53,
          "Home Delivery - Eugene/Springfield/Junction City": 4299.51,
          "Friendly": 1149.98,
          "W 11th": 1032.56,
          "Zafar Residence": 98,
          "Corvallis": 85.87,
          "Home Delivery - Corvallis": 61.13
        }
      }
    },
    {
      "dateRange": "2024-03-25 to 2024-03-31",
      "data": {
        "totalSales": "10108.85",
        "numOrders": 110,
        "numSubscriberOrders": 106,
        "numGuestOrders": 4,
        "averageItemsPerOrder": 6,
        "averageOrderAmount": "93.44",
        "totalActiveSubscribers": 206,
        "projectedMonthlySubscriptionRevenue": 48602,
        "vendors": {
          "Small is Beautiful Farm": 375.06,
          "OGC": 364.32,
          "Grazier's Garden": 747.66,
          "Camas Swale Farm": 3,
          "Creamy Cow, LLC": 2663.31,
          "Deck Family Farm": 5080.56,
          "Elegant Elephant Baking Co.": 266.45,
          "Reality Kitchen Nonprofit": 41.75,
          "Barrett Baking": 63.84,
          "River Ranch Oregon Olive OIl": 155.08,
          "Sweet Creek": 93.57,
          "Full Farm CSA": 22.61,
          "Lonesome Whistle": 4.43,
          "Camas Country Mill": 11.6,
          "Deck Family Farm's Hyland Processing": 88.2,
          "Queen of Hearts Superfood": 52.68,
          "Radiant Coffee Roasters": 43.89,
          "Kiko Denzer": 26.6,
          "BNF Kombucha and Jun": 4.24
        },
        "category": {
          "Organic Vegetables - Leafy Greens": 459.21,
          "Organic Vegetables - Roots": 186.54,
          "Organic Vegetables - Mushrooms": 256.32,
          "Organic Vegetables - Broccoli/Cauliflower/Cabbage": 255.22,
          "Raw Dairy (Unpasteurized)": 2570.21,
          "Organic Eggs": 649.88,
          "Sausages & Cured Meats": 1062.62,
          "Dry Goods": 1009.97,
          "Organic Fruit": 119.7,
          "Grass-fed Beef": 1198.74,
          "Organic Vegetables - Potatoes": 128.63,
          "Pasture-raised Poultry": 705.06,
          "Pasture-raised Pork": 403.04,
          "Organic Vegetables - Herbs": 84.42,
          "Dairy": 93.1,
          "Home Goods": 49.21,
          "Spring Lamb": 710.45,
          "Pasture Raised Poultry": 80.08,
          "Pasture Raised Pork": 66.34,
          "Organs/Lard/Bones": 20.11
        },
        "product": {
          "Raw Fresh Whole Milk": 1262,
          "Organic Pasture Raised Chicken Eggs": 649.88,
          "Ground Beef - All Natural": 364.76,
          "Raw A2/A2 Milk": 361,
          "Live Culture Yogurt": 321.86,
          "Lamb Chops, Loin *SALE*": 240.13,
          "Roasting Chicken": 235.2,
          "Honey, Raw": 217,
          "Purple Sprouting Broccoli": 208.02,
          "Raw Fresh Sweet Cream": 199.75,
          "Chicken Hindquarter": 169.38,
          "Honey Maple Ham, Sliced": 167.48,
          "Ribeye Steak": 166.32,
          "Lamb Shoulder Roast *SALE*": 162.36,
          "Raw Sweet Cream Butter": 159.6,
          "Winter Carrots": 159.6,
          "Bone-In Chicken Breast": 154,
          "Pork Bacon": 148.8,
          "Rack of Lamb *SALE*": 134.76,
          "Raw Cultured Butter": 130.34
        },
        "dropsite": {
          "Home Delivery - Corvallis": 496.23,
          "Hollywood Farmers Market": 1005.76,
          "St Johns Farmers Market": 467.54,
          "PSU Farmers Market": 826.16,
          "Cully": 626.98,
          "Woodstock": 407.21,
          "LCFM": 539.42,
          "Home Delivery - Eugene/Springfield/Junction City": 2971.41,
          "W 11th": 896.36,
          "Friendly": 741.58,
          "Farm - Tuesday": 318.76,
          "Zafar Residence": 98,
          "Farm - Friday": 376.91,
          "Corvallis": 336.53
        }
      }
    },
    {
      "dateRange": "2024-03-18 to 2024-03-24",
      "data": {
        "totalSales": "10887.88",
        "numOrders": 121,
        "numSubscriberOrders": 116,
        "numGuestOrders": 5,
        "averageItemsPerOrder": 7,
        "averageOrderAmount": "91.97",
        "totalActiveSubscribers": 206,
        "projectedMonthlySubscriptionRevenue": 48602,
        "vendors": {
          "Deck Family Farm's Hyland Processing": 315.84,
          "Deck Family Farm": 5673.24,
          "Creamy Cow, LLC": 2270.41,
          "Lonesome Whistle": 55.84,
          "OGC": 360.26,
          "Grazier's Garden": 976.85,
          "Sweet Creek": 60.74,
          "Radiant Coffee Roasters": 102.41,
          "Reality Kitchen Nonprofit": 81.55,
          "Barrett Baking": 106.4,
          "River Ranch Oregon Olive OIl": 191.92,
          "Small is Beautiful Farm": 271.92,
          "Elegant Elephant Baking Co.": 244.74,
          "Queen of Hearts Superfood": 61.46,
          "Spoiled Rotten Vinegar": 21.28,
          "Full Farm CSA": 45.22,
          "BNF Kombucha and Jun": 21.2,
          "Kiko Denzer": 26.6
        },
        "category": {
          "Sausages & Cured Meats": 1431.77,
          "Raw Dairy (Unpasteurized)": 2214.55,
          "Spring Lamb": 882.58,
          "Pasture-raised Poultry": 660.57,
          "Pasture-raised Pork": 435.03,
          "Dry Goods": 1122.68,
          "Organic Vegetables - Mushrooms": 221.26,
          "Grass-fed Beef": 1612.38,
          "Organic Vegetables - Onions/Garlic": 90.7,
          "Organic Vegetables - Broccoli/Cauliflower/Cabbage": 329.75,
          "Organic Vegetables - Leafy Greens": 425.25,
          "Organic Eggs": 687.61,
          "Organic Vegetables - Roots": 236.17,
          "Organic Vegetables - Herbs": 63,
          "Organic Vegetables - Potatoes": 130.58,
          "Pasture Raised Poultry": 104,
          "Organic Fruit": 112.32,
          "Dairy": 55.86,
          "Home Goods": 71.82
        },
        "product": {
          "Raw Fresh Whole Milk": 1050,
          "Organic Pasture Raised Chicken Eggs": 687.61,
          "Ground Beef - All Natural": 417.7,
          "Raw A2/A2 Milk": 323,
          "Lamb Shoulder Roast *SALE*": 290.3,
          "Purple Sprouting Broccoli": 283.88,
          "Live Culture Yogurt": 276.64,
          "Raw Fresh Sweet Cream": 211.5,
          "Chicken Wings": 185.64,
          "Chicken Hindquarter": 172.5,
          "Beef Chuck Roast": 171.88,
          "Farm Made English Breakfast Sausage": 164.64,
          "Winter Carrots": 159.6,
          "Pork Chop, Boneless Thick Cut": 158.04,
          "Raw Cultured Butter": 148.96,
          "Olive Oil 2022 Arbequina": 148.24,
          "Ground Pork": 146.16,
          "Olympia Provisions, Dog Treats": 142.12,
          "Roasting Chicken": 141.1,
          "Pork Bacon": 136.4
        },
        "dropsite": {
          "Hollywood Farmers Market": 823.24,
          "LCFM": 309.69,
          "PSU Farmers Market": 1162.67,
          "Farm - Friday": 438.83,
          "Cully": 1184.44,
          "Woodstock": 701.32,
          "Home Delivery - Eugene/Springfield/Junction City": 3175.03,
          "Farm - Tuesday": 612.17,
          "Friendly": 993.81,
          "W 11th": 1083.29,
          "St Johns Farmers Market": 94.64,
          "Corvallis": 56.45,
          "Home Delivery - Corvallis": 252.3
        }
      }
    },
    {
      "dateRange": "2024-03-11 to 2024-03-17",
      "data": {
        "totalSales": "13272.67",
        "numOrders": 134,
        "numSubscriberOrders": 130,
        "numGuestOrders": 4,
        "averageItemsPerOrder": 7,
        "averageOrderAmount": "100.24",
        "totalActiveSubscribers": 206,
        "projectedMonthlySubscriptionRevenue": 48602,
        "vendors": {
          "Sweet Creek": 157.18,
          "RL Plants": 15.96,
          "Grazier's Garden": 1251.22,
          "Camas Country Mill": 46.63,
          "Deck Family Farm": 7345.77,
          "OGC": 449.35,
          "Small is Beautiful Farm": 287.68,
          "Deck Family Farm's Hyland Processing": 233.52,
          "Barrett Baking": 95.76,
          "River Ranch Oregon Olive OIl": 220.16,
          "Reality Kitchen Nonprofit": 96.6,
          "Elegant Elephant Baking Co.": 133.48,
          "Creamy Cow, LLC": 2620.86,
          "Radiant Coffee Roasters": 146.3,
          "Lonesome Whistle": 38.11,
          "BNF Kombucha and Jun": 13.58,
          "Queen of Hearts Superfood": 52.68,
          "Full Farm CSA": 46.55,
          "Spoiled Rotten Vinegar": 21.28
        },
        "category": {
          "Dry Goods": 1247.72,
          "Home Goods": 62.51,
          "Organic Vegetables - Leafy Greens": 570.99,
          "Grass-fed Beef": 2535.48,
          "Organic Vegetables - Broccoli/Cauliflower/Cabbage": 247.17,
          "Pasture-raised Poultry": 959.99,
          "Organic Vegetables - Roots": 266.46,
          "Sausages & Cured Meats": 1484.9,
          "Organic Vegetables - Mushrooms": 318.78,
          "Organic Fruit": 127.68,
          "Pasture Raised Poultry": 67.71,
          "Pasture Raised Pork": 146.16,
          "Organic Vegetables - Potatoes": 208.27,
          "Pasture-raised Pork": 774.07,
          "Organic Vegetables - Onions/Garlic": 58.56,
          "Organic Eggs": 880.88,
          "Organic Vegetables - Herbs": 190.34,
          "Spring Lamb": 504.14,
          "Raw Dairy (Unpasteurized)": 2559.68,
          "Dairy": 61.18
        },
        "product": {
          "Raw Fresh Whole Milk": 1242,
          "Organic Pasture Raised Chicken Eggs": 880.88,
          "Ground Beef - All Natural": 576.42,
          "Raw A2/A2 Milk": 304,
          "Chicken Wings": 296.28,
          "Pork Chop, Boneless Thick Cut": 289.74,
          "Pork Bacon": 287.26,
          "Roasting Chicken": 279.38,
          "Beef Brisket Small *SALE*": 272.8,
          "Live Culture Yogurt": 255.36,
          "Ribeye Steak": 226.38,
          "Pork Shoulder Roast": 207.9,
          "Raw Sweet Cream Butter": 207.48,
          "Pork Tenderloin Roast": 202.75,
          "Beef Stew Meat": 200.53,
          "Shiitake Mushrooms": 198.03,
          "Honey, Raw": 196.14,
          "Beef Brisket  Extra Large *SALE*": 186.99,
          "Bone-In Chicken Breast": 184.8,
          "Honey Maple Ham, Sliced": 180.18
        },
        "dropsite": {
          "Farm - Friday": 582.07,
          "Woodstock": 417.15,
          "Cully": 605.76,
          "LCFM": 306.74,
          "Irvington": 366.36,
          "Home Delivery - Corvallis": 267.24,
          "Hollywood Farmers Market": 1158.6,
          "St Johns Farmers Market": 307.12,
          "Home Delivery - Eugene/Springfield/Junction City": 5195.61,
          "Farm - Tuesday": 926.24,
          "Friendly": 1204.86,
          "W 11th": 998.42,
          "PSU Farmers Market": 766.2,
          "Zafar Residence": 112,
          "Corvallis": 58.3
        }
      }
    },
    {
      "dateRange": "2024-03-04 to 2024-03-10",
      "data": {
        "totalSales": "12356.39",
        "numOrders": 139,
        "numSubscriberOrders": 134,
        "numGuestOrders": 5,
        "averageItemsPerOrder": 7,
        "averageOrderAmount": "90.77",
        "totalActiveSubscribers": 206,
        "projectedMonthlySubscriptionRevenue": 48602,
        "vendors": {
          "Barrett Baking": 148.96,
          "Radiant Coffee Roasters": 146.3,
          "Deck Family Farm": 6005.46,
          "Grazier's Garden": 1242.81,
          "OGC": 422.78,
          "Elegant Elephant Baking Co.": 237.95,
          "Sweet Creek": 125.35,
          "RL Plants": 27.93,
          "Reality Kitchen Nonprofit": 95.7,
          "Creamy Cow, LLC": 2771.24,
          "Camas Country Mill": 86.9,
          "Small is Beautiful Farm": 291.67,
          "River Ranch Oregon Olive OIl": 155.96,
          "Deck Family Farm's Hyland Processing": 405.3,
          "Lonesome Whistle": 81.65,
          "BNF Kombucha and Jun": 62.81,
          "Queen of Hearts Superfood": 26.34,
          "Spoiled Rotten Vinegar": 21.28
        },
        "category": {
          "Dry Goods": 1511.06,
          "Sausages & Cured Meats": 1639.62,
          "Organic Vegetables - Leafy Greens": 635.12,
          "Organic Vegetables - Roots": 296.36,
          "Organic Vegetables - Mushrooms": 250.74,
          "Pasture-raised Pork": 421.91,
          "Grass-fed Beef": 2075.92,
          "Spring Lamb": 161.3,
          "Home Goods": 27.93,
          "Organic Eggs": 908.6,
          "Organic Vegetables - Broccoli/Cauliflower/Cabbage": 189.97,
          "Organic Vegetables - Potatoes": 255.53,
          "Raw Dairy (Unpasteurized)": 2718.04,
          "Organic Fruit": 111.72,
          "Organic Vegetables - Herbs": 150.44,
          "Organs/Lard/Bones": 70.44,
          "Pasture-raised Poultry": 777.48,
          "Organic Vegetables - Onions/Garlic": 30.14,
          "Pasture Raised Poultry": 14.1,
          "Dairy": 53.2,
          "Pasture Raised Pork": 19.53,
          "Organic Vegetables - Squash": 37.24
        },
        "product": {
          "Raw Fresh Whole Milk": 1324,
          "Organic Pasture Raised Chicken Eggs": 908.6,
          "Ground Beef - All Natural": 439.06,
          "Raw A2/A2 Milk": 437,
          "Beef Brisket": 433.62,
          "Live Culture Yogurt": 292.6,
          "Chicken Hindquarter": 291.66,
          "Pork Bacon": 225.26,
          "Ribeye Steak": 221.76,
          "Honey, Raw": 221.06,
          "Raw Fresh Sweet Cream": 211.5,
          "Rainbow Chard": 173.1,
          "New York Steak": 166.64,
          "Honey Maple Ham, Sliced": 166.32,
          "Pork Frankfurter *Sale $2 Off*": 166.32,
          "Winter Carrots": 160,
          "Olive Oil 2022 Arbequina": 155.96,
          "Organic Artisan Sourdough Loaf": 148.96,
          "Ground Country Sausage": 145.74,
          "Roasting Chicken": 141.1
        },
        "dropsite": {
          "PSU Farmers Market": 1162.23,
          "St Johns Farmers Market": 541.14,
          "Cully": 293.16,
          "Woodstock": 597.55,
          "Farm - Friday": 288.59,
          "Hollywood Farmers Market": 738.21,
          "Irvington": 308.58,
          "Farm - Tuesday": 590.45,
          "Home Delivery - Eugene/Springfield/Junction City": 5347.87,
          "W 11th": 1128.82,
          "Friendly": 981.66,
          "LCFM": 101.06,
          "Corvallis": 81.3,
          "Zafar Residence": 126,
          "Home Delivery - Corvallis": 69.77
        }
      }
    },
    {
      "dateRange": "2024-02-26 to 2024-03-03",
      "data": {
        "totalSales": "13201.46",
        "numOrders": 141,
        "numSubscriberOrders": 139,
        "numGuestOrders": 2,
        "averageItemsPerOrder": 7,
        "averageOrderAmount": "95.12",
        "totalActiveSubscribers": 206,
        "projectedMonthlySubscriptionRevenue": 48602,
        "vendors": {
          "Deck Family Farm": 6654.75,
          "Deck Family Farm's Hyland Processing": 260.4,
          "OGC": 563.68,
          "Grazier's Garden": 1112.41,
          "Creamy Cow, LLC": 2866.95,
          "Reality Kitchen Nonprofit": 96.75,
          "Radiant Coffee Roasters": 190.19,
          "BNF Kombucha and Jun": 131.81,
          "Sweet Creek": 209.03,
          "Small is Beautiful Farm": 353.78,
          "Lonesome Whistle": 162.2,
          "RL Plants": 21.28,
          "Camas Country Mill": 220.67,
          "Elegant Elephant Baking Co.": 272.44,
          "Barrett Baking": 74.48,
          "Spoiled Rotten Vinegar": 10.64
        },
        "category": {
          "Organic Eggs": 766.92,
          "Organs/Lard/Bones": 23.52,
          "Sausages & Cured Meats": 1932.66,
          "Organic Vegetables - Mushrooms": 316.47,
          "Organic Vegetables - Broccoli/Cauliflower/Cabbage": 133.9,
          "Pasture-raised Pork": 474.29,
          "Grass-fed Beef": 2284.16,
          "Spring Lamb": 389.78,
          "Raw Dairy (Unpasteurized)": 2832.37,
          "Organic Vegetables - Herbs": 142.57,
          "Pasture-raised Poultry": 764.94,
          "Dry Goods": 1591.48,
          "Organic Vegetables - Potatoes": 430.49,
          "Organic Vegetables - Roots": 335.72,
          "Organic Fruit": 127.68,
          "Organic Vegetables - Squash": 63.84,
          "Organic Vegetables - Leafy Greens": 479.2,
          "Home Goods": 21.28,
          "Dairy": 34.58,
          "Uncategorized": 5.75,
          "Pantry Items": 16.26,
          "Pantry - Honey & Nuts": 33.6
        },
        "product": {
          "Raw Fresh Whole Milk": 1296,
          "Organic Pasture Raised Chicken Eggs": 766.92,
          "Ground Beef - All Natural": 503.14,
          "Pork Bacon": 436.06,
          "Raw A2/A2 Milk": 380,
          "Roasting Chicken": 338.64,
          "Live Culture Yogurt": 289.94,
          "Beef Brisket": 235.69,
          "Beef Flank Steak": 232.83,
          "Pinto Gold Potatoes": 225.4,
          "Ribeye Steak": 221.76,
          "Honey, Raw": 208.32,
          "Henni Penni Hispanico  6.3-7.3oz": 200.64,
          "Beef Chuck Roast": 195.3,
          "Pork Frankfurter *Sale $2 Off*": 190.08,
          "Chicken Hindquarter": 188.16,
          "Top Sirloin Steak": 179.94,
          "Raw Sweet Cream Butter": 175.56,
          "Shiitake Mushrooms": 164.22,
          "Winter Carrots": 159.6
        },
        "dropsite": {
          "Irvington": 469.33,
          "PSU Farmers Market": 1039.7,
          "LCFM": 172.47,
          "Cully": 359.07,
          "Hollywood Farmers Market": 1282.4,
          "St Johns Farmers Market": 406.22,
          "Woodstock": 605.32,
          "Farm - Friday": 880.46,
          "Home Delivery - Eugene/Springfield/Junction City": 4046.19,
          "Friendly": 1615.97,
          "W 11th": 948.35,
          "Zafar Residence": 126,
          "Corvallis": 114.31,
          "Farm - Tuesday": 487.29,
          "Home Delivery - Corvallis": 648.38
        }
      }
    },
    {
      "dateRange": "2024-02-19 to 2024-02-25",
      "data": {
        "totalSales": "10309.13",
        "numOrders": 129,
        "numSubscriberOrders": 122,
        "numGuestOrders": 7,
        "averageItemsPerOrder": 7,
        "averageOrderAmount": "81.39",
        "totalActiveSubscribers": 206,
        "projectedMonthlySubscriptionRevenue": 48602,
        "vendors": {
          "Reality Kitchen Nonprofit": 64.05,
          "Deck Family Farm": 3865.21,
          "Creamy Cow, LLC": 2289.75,
          "Sweet Creek": 362.02,
          "Grazier's Garden": 863.37,
          "OGC": 584.25,
          "BNF Kombucha and Jun": 289.56,
          "Spoiled Rotten Vinegar": 30.59,
          "Barrett Baking": 95.76,
          "Elegant Elephant Baking Co.": 168.58,
          "Deck Family Farm's Hyland Processing": 581.08,
          "Radiant Coffee Roasters": 204.82,
          "Lonesome Whistle": 162.55,
          "Small is Beautiful Farm": 394.88,
          "Camas Country Mill": 273.59,
          "RL Plants": 32.32,
          "River Ranch Oregon Olive OIl": 29.19,
          "Queen of Hearts Superfood": 17.56
        },
        "category": {
          "Uncategorized": 64.14,
          "Grass-fed Beef": 860.06,
          "Raw Dairy (Unpasteurized)": 2255.17,
          "Dry Goods": 1127.06,
          "Organic Vegetables - Leafy Greens": 385.75,
          "Organic Fruit": 251.12,
          "Organic Eggs": 873.95,
          "Sausages & Cured Meats": 1368.05,
          "Organic Vegetables - Mushrooms": 292.24,
          "Organic Vegetables - Roots": 401.28,
          "Organic Vegetables - Potatoes": 234.4,
          "Pasture-raised Poultry": 479.64,
          "Pasture-raised Pork": 279.55,
          "Spring Lamb": 305.78,
          "Home Goods": 26.6,
          "Organic Vegetables - Broccoli/Cauliflower/Cabbage": 163.79,
          "Organic Vegetables - Squash": 74.48,
          "Organ Meat & Lard": 24.36,
          "Pantry Items": 717.69,
          "Organs/Lard/Bones": 34.44,
          "Organic Vegetables - Herbs": 28,
          "Dairy": 34.58,
          "Flowers": 5.72,
          "Pantry - Dressings/Oils/Vinegars": 10.64,
          "Pantry - Breads & Baked Goods": 10.64
        },
        "product": {
          "Raw Fresh Whole Milk": 1320,
          "Organic Pasture Raised Chicken Eggs": 873.95,
          "Ground Beef - All Natural": 229.24,
          "Raw A2/A2 Milk": 228,
          "Live Culture Yogurt": 207.48,
          "Raw Fresh Sweet Cream": 199.75,
          "Farm Made English Breakfast Sausage *Sale": 179.86,
          "Honey, Raw": 171.22,
          "Pork Bacon": 164.29,
          "Winter Carrots": 160,
          "Shiitake Mushrooms": 150.09,
          "Crimini Mushrooms": 142.15,
          "Lamb Shank - Whole": 134.4,
          "Farm Made Bangers *Sale": 129.57,
          "Green Cabbage": 128.48,
          "Mixed Dried Fruit": 127.68,
          "Red D'Anjou Pears": 123.44,
          "Fresh Pork Loukaniko Sausage - made weekly in our farm kitchen! *Sale*": 122.49,
          "Just Apple Apple Sauce": 120.75,
          "Chicken Hindquarter": 117.6
        },
        "dropsite": {
          "Farm - Friday": 295.98,
          "Corvallis": 398.65,
          "Woodstock": 792.26,
          "St Johns Farmers Market": 478.27,
          "Cully": 504.17,
          "Irvington": 406.79,
          "LCFM": 183.62,
          "PSU Farmers Market": 1032.3,
          "Home Delivery - Corvallis": 477.01,
          "Hollywood Farmers Market": 862.45,
          "Home Delivery - Eugene/Springfield/Junction City": 2713.48,
          "Friendly": 680.99,
          "Farm - Tuesday": 744.72,
          "Zafar Residence": 112,
          "W 11th": 626.44
        }
      }
    },
    {
      "dateRange": "2024-02-12 to 2024-02-18",
      "data": {
        "totalSales": "12064.31",
        "numOrders": 140,
        "numSubscriberOrders": 139,
        "numGuestOrders": 1,
        "averageItemsPerOrder": 6,
        "averageOrderAmount": "88.03",
        "totalActiveSubscribers": 206,
        "projectedMonthlySubscriptionRevenue": 48602,
        "vendors": {
          "Sweet Creek": 22.49,
          "Creamy Cow, LLC": 2644.16,
          "Grazier's Garden": 904,
          "Deck Family Farm": 6037.67,
          "Deck Family Farm's Hyland Processing": 365.9,
          "Barrett Baking": 127.68,
          "OGC": 594.96,
          "Reality Kitchen Nonprofit": 144.85,
          "Lonesome Whistle": 84.2,
          "Radiant Coffee Roasters": 219.45,
          "Elegant Elephant Baking Co.": 259.36,
          "Small is Beautiful Farm": 404.28,
          "Spoiled Rotten Vinegar": 29.26,
          "Kiko Denzer": 70.34,
          "Camas Country Mill": 120.66,
          "Full Farm CSA": 23.94,
          "Creole Me Up": 11.11
        },
        "category": {
          "Pantry Items": 1199.66,
          "Raw Dairy (Unpasteurized)": 2588.3,
          "Organic Vegetables - Potatoes": 288.73,
          "Sausages & Cured Meats": 2288.71,
          "Organic Eggs": 776.16,
          "Organic Vegetables - Mushrooms": 292.32,
          "Pasture-raised Pork": 511.78,
          "Spring Lamb": 274.72,
          "Grass-fed Beef": 1669.3,
          "Organic Vegetables - Roots": 283,
          "Organic Vegetables - Leafy Greens": 371.05,
          "Organic Fruit": 323.78,
          "Organic Vegetables - Onions/Garlic": 40,
          "Pasture-raised Poultry": 602.1,
          "Organs/Lard/Bones": 25.62,
          "Organ Meat & Lard": 84.42,
          "Organic Vegetables - Broccoli/Cauliflower/Cabbage": 159.6,
          "Organic Vegetables - Herbs": 49,
          "Organic Vegetables - Squash": 95.76,
          "Home Goods": 70.34,
          "Dairy": 55.86,
          "Pasture Raised Poultry": 14.1
        },
        "product": {
          "Raw Fresh Whole Milk": 1454,
          "Organic Pasture Raised Chicken Eggs": 776.16,
          "Beef Tenderloin": 325.66,
          "Farm Made Bangers *Sale": 321.25,
          "Farm Made English Breakfast Sausage *Sale": 307.71,
          "Raw A2/A2 Milk": 285,
          "Ground Beef - All Natural": 256.22,
          "Pork Bacon": 248,
          "Fresh Pork Loukaniko Sausage - made weekly in our farm kitchen! *Sale*": 244.98,
          "Live Culture Yogurt": 226.1,
          "Roasting Chicken": 219.06,
          "Chicken Hindquarter": 188.16,
          "Smoked Polish Kielbasa Sausage": 180.18,
          "Raw Fresh Sweet Cream": 176.25,
          "Raw Sweet Cream Butter": 173.6,
          "Winter Carrots": 159.6,
          "Green Cabbage": 159.6,
          "Crimini Mushrooms": 152.25,
          "Skirt Steak": 147.86,
          "Ground Pork": 146.16
        },
        "dropsite": {
          "Farm - Friday": 814.91,
          "Woodstock": 498.76,
          "Hollywood Farmers Market": 1075.8,
          "St Johns Farmers Market": 395.9,
          "LCFM": 86.46,
          "Irvington": 441.43,
          "PSU Farmers Market": 807.63,
          "Home Delivery - Eugene/Springfield/Junction City": 4206.93,
          "Friendly": 1116.82,
          "Farm - Tuesday": 974.31,
          "W 11th": 741.43,
          "Cully": 575.77,
          "Corvallis": 136.48,
          "Home Delivery - Corvallis": 65.68,
          "Zafar Residence": 126
        }
      }
    },
    {
      "dateRange": "2024-02-05 to 2024-02-11",
      "data": {
        "totalSales": "12903.34",
        "numOrders": 143,
        "numSubscriberOrders": 140,
        "numGuestOrders": 3,
        "averageItemsPerOrder": 7,
        "averageOrderAmount": "92.05",
        "totalActiveSubscribers": 206,
        "projectedMonthlySubscriptionRevenue": 48602,
        "vendors": {
          "Deck Family Farm": 7437.88,
          "OGC": 769.23,
          "Grazier's Garden": 943.78,
          "Lonesome Whistle": 62.02,
          "Small is Beautiful Farm": 325.98,
          "Creamy Cow, LLC": 2356.81,
          "Jar Joy Goods": 55.79,
          "Radiant Coffee Roasters": 263.34,
          "Elegant Elephant Baking Co.": 233.59,
          "Barrett Baking": 108.16,
          "RL Plants": 27.93,
          "Reality Kitchen Nonprofit": 68,
          "Sweet Creek": 42.69,
          "Spoiled Rotten Vinegar": 19.32,
          "Camas Country Mill": 23.25,
          "Queen of Hearts Superfood": 17.56,
          "Creole Me Up": 79.22,
          "River Ranch Oregon Olive OIl": 29.19,
          "Kiko Denzer": 39.6
        },
        "category": {
          "Grass-fed Beef": 2360.49,
          "Pasture-raised Pork": 776.43,
          "Pasture-raised Poultry": 1316,
          "Organic Vegetables - Mushrooms": 395.37,
          "Organic Vegetables - Leafy Greens": 209.16,
          "Pantry Items": 572.04,
          "Organic Vegetables - Potatoes": 383.42,
          "Organic Vegetables - Onions/Garlic": 132.8,
          "Sausages & Cured Meats": 1511.53,
          "Organic Fruit": 343.36,
          "Organic Vegetables - Roots": 309.83,
          "Organic Vegetables - Squash": 95.76,
          "Raw Dairy (Unpasteurized)": 2231.86,
          "Organic Vegetables - Broccoli/Cauliflower/Cabbage": 133,
          "Home Goods": 123.32,
          "Organic Eggs": 732.27,
          "Pantry - Breads & Baked Goods": 241.4,
          "Pantry - Beans/Grains/Pasta": 36.54,
          "Organs/Lard/Bones": 95.9,
          "Pantry - Honey & Nuts": 172.06,
          "Pantry - Snacks": 26.58,
          "Dairy": 53.2,
          "Organic Vegetables - Other": 4.29,
          "Uncategorized": 23.56,
          "Organic Vegetables - Herbs": 32,
          "Organ Meat & Lard": 67.2,
          "Spring Lamb": 319.8,
          "Pantry - Dressings/Oils/Vinegars": 37.97,
          "Pantry - Canned/Jarred/Preserved": 94.45,
          "Raw Dairy": 71.75
        },
        "product": {
          "Raw Fresh Whole Milk": 1146,
          "Organic Pasture Raised Chicken Eggs": 732.27,
          "Ground Beef - All Natural *Sale on 4 pack*": 680,
          "Pork Bacon": 499.09,
          "Roasting Chicken": 466.34,
          "Bone-In Chicken Breast": 443.52,
          "Ground Beef - All Natural *Sale*": 368,
          "Raw A2/A2 Milk": 361,
          "Pork Shoulder Roast": 282.77,
          "Ribeye Steak": 249.48,
          "Ground Beef - Organic": 241.3,
          "Live Culture Yogurt": 236.74,
          "Chicken Hindquarter": 235.2,
          "Shiitake Mushrooms": 227.37,
          "Pork Tenderloin Roast": 214.68,
          "Crimini Mushrooms": 168,
          "Sweet Italian Sausage Links": 167.48,
          "Pinto Gold Potatoes": 164.91,
          "Ground Pork": 158.34,
          "Honey Maple Ham, Sliced": 153.62
        },
        "dropsite": {
          "PSU Farmers Market": 1379.47,
          "Cully": 577.07,
          "Farm - Friday": 865.45,
          "St Johns Farmers Market": 348.18,
          "Irvington": 314.35,
          "Woodstock": 793.46,
          "Corvallis": 169.49,
          "Hollywood Farmers Market": 739.95,
          "Home Delivery - Corvallis": 384.83,
          "Friendly": 1026.63,
          "Farm - Tuesday": 970.4,
          "Home Delivery - Eugene/Springfield/Junction City": 4303.27,
          "W 11th": 949.28,
          "LCFM": 81.51
        }
      }
    },
    {
      "dateRange": "2024-01-29 to 2024-02-04",
      "data": {
        "totalSales": "13892.97",
        "numOrders": 159,
        "numSubscriberOrders": 154,
        "numGuestOrders": 5,
        "averageItemsPerOrder": 7,
        "averageOrderAmount": "89.26",
        "totalActiveSubscribers": 206,
        "projectedMonthlySubscriptionRevenue": 48602,
        "vendors": {
          "Small is Beautiful Farm": 357.15,
          "Elegant Elephant Baking Co.": 254.02,
          "Creamy Cow, LLC": 2921.71,
          "Deck Family Farm": 7640.69,
          "Full Farm CSA": 64.59,
          "Grazier's Garden": 1280.75,
          "OGC": 869.25,
          "Reality Kitchen Nonprofit": 139.5,
          "BNF Kombucha and Jun": 108.74,
          "Lonesome Whistle": 87.72,
          "Camas Country Mill": 25.46,
          "Sweet Creek": 58.39,
          "Spoiled Rotten Vinegar": 21.28,
          "Creole Me Up": 46.16,
          "Queen of Hearts Superfood": 17.56
        },
        "category": {
          "Organic Vegetables - Roots": 388.55,
          "Pantry - Breads & Baked Goods": 393.52,
          "Raw Dairy (Unpasteurized)": 2832.76,
          "Grass-fed Beef": 2371.63,
          "Organic Vegetables - Onions/Garlic": 54.63,
          "Organic Eggs": 797.72,
          "Sausages & Cured Meats": 1937.36,
          "Organic Vegetables - Potatoes": 413.49,
          "Organic Vegetables - Squash": 85.12,
          "Organic Vegetables - Mushrooms": 389.11,
          "Organic Fruit": 437.87,
          "Pasture-raised Pork": 861.58,
          "Organic Vegetables - Herbs": 178.97,
          "Uncategorized": 5.72,
          "Organic Vegetables - Leafy Greens": 368.24,
          "Organic Vegetables - Broccoli/Cauliflower/Cabbage": 250.04,
          "Organs/Lard/Bones": 57.96,
          "Pasture-raised Poultry": 962.78,
          "Spring Lamb": 400.4,
          "Pantry - Kombucha & Jun": 108.74,
          "Pantry - Beans/Grains/Pasta": 73.31,
          "Pantry - Honey & Nuts": 222.7,
          "Pantry - Canned/Jarred/Preserved": 104.55,
          "Pantry - Snacks": 39.87,
          "Pantry - Dressings/Oils/Vinegars": 38.84,
          "Dairy": 53.2,
          "Organ Meat & Lard": 28.56,
          "Raw Dairy": 35.75
        },
        "product": {
          "Raw Fresh Whole Milk": 1552,
          "Organic Pasture Raised Chicken Eggs": 742.28,
          "Ground Beef - Organic": 546.78,
          "Ribeye Steak": 392.7,
          "Chicken Hindquarter": 376.32,
          "Pork Shoulder Roast": 335.44,
          "Roasting Chicken": 331.94,
          "Beef Stew Meat": 291.68,
          "Pork Bacon": 273.83,
          "Live Culture Yogurt": 266,
          "Raw A2/A2 Milk": 266,
          "Sweet Italian Sausage Links": 263.34,
          "Green Cabbage": 255.76,
          "Western Beef Short Ribs": 222.24,
          "Raw Fresh Sweet Cream": 211.5,
          "Crimini Mushrooms": 210.4,
          "Beef Chuck Roast": 201.82,
          "Pork Tenderloin Roast": 196.79,
          "Ground Pork": 194.88,
          "Honey Maple Ham, Sliced": 181.34
        },
        "dropsite": {
          "Hollywood Farmers Market": 1625.14,
          "Zafar Residence": 84,
          "Farm - Friday": 266.18,
          "Cully": 658.86,
          "PSU Farmers Market": 1266.82,
          "Friendly": 844.24,
          "St Johns Farmers Market": 418.62,
          "Woodstock": 1141.29,
          "Irvington": 587.7,
          "Corvallis": 145.14,
          "LCFM": 319.37,
          "Home Delivery - Eugene/Springfield/Junction City": 3832.97,
          "Farm - Tuesday": 1259.93,
          "W 11th": 995.71,
          "Home Delivery - Corvallis": 447
        }
      }
    },
    {
      "dateRange": "2024-01-22 to 2024-01-28",
      "data": {
        "totalSales": "14536.39",
        "numOrders": 152,
        "numSubscriberOrders": 147,
        "numGuestOrders": 5,
        "averageItemsPerOrder": 7,
        "averageOrderAmount": "97.34",
        "totalActiveSubscribers": 206,
        "projectedMonthlySubscriptionRevenue": 48602,
        "vendors": {
          "Creamy Cow, LLC": 2774.36,
          "OGC": 973.14,
          "Grazier's Garden": 1249.21,
          "Lonesome Whistle": 101.11,
          "Deck Family Farm": 8006.86,
          "Small is Beautiful Farm": 105.75,
          "Full Farm CSA": 33.87,
          "Elegant Elephant Baking Co.": 254.71,
          "BNF Kombucha and Jun": 333.98,
          "Reality Kitchen Nonprofit": 120.25,
          "Barrett Baking": 85.12,
          "Radiant Coffee Roasters": 117.04,
          "Creole Me Up": 81.21,
          "Sweet Creek": 144.8,
          "Kiko Denzer": 63.54,
          "RL Plants": 5.32,
          "Queen of Hearts Superfood": 26.34,
          "Spoiled Rotten Vinegar": 30.59,
          "River Ranch Oregon Olive OIl": 29.19
        },
        "category": {
          "Raw Dairy (Unpasteurized)": 2654.54,
          "Organic Vegetables - Roots": 485.73,
          "Pantry - Snacks": 94.02,
          "Pantry - Honey & Nuts": 485.94,
          "Organic Vegetables - Potatoes": 512.03,
          "Organic Fruit": 276.24,
          "Organic Eggs": 1026.41,
          "Grass-fed Beef": 2135.39,
          "Organic Vegetables - Mushrooms": 490.86,
          "Spring Lamb": 403.61,
          "Sausages & Cured Meats": 1766.97,
          "Pantry - Breads & Baked Goods": 460.08,
          "Organic Vegetables - Leafy Greens": 227.79,
          "Pasture-raised Poultry": 989.48,
          "Pasture-raised Pork": 997.43,
          "Pantry - Kombucha & Jun": 333.98,
          "Pantry - Beans/Grains/Pasta": 7.09,
          "Organic Vegetables - Squash": 95.76,
          "Organic Vegetables - Herbs": 168.49,
          "Organic Vegetables - Broccoli/Cauliflower/Cabbage": 101.08,
          "Pantry - Coffee": 117.04,
          "Pantry - Canned/Jarred/Preserved": 226.01,
          "Pasture Raised Pork": 110.49,
          "Organ Meat & Lard": 68.88,
          "Home Goods": 68.86,
          "Pantry - Dressings/Oils/Vinegars": 86.12,
          "Dairy": 71.82,
          "Organic Vegetables - Onions/Garlic": 3.99,
          "Raw Dairy": 48,
          "Organs/Lard/Bones": 22.26
        },
        "product": {
          "Raw Fresh Whole Milk": 1290,
          "HAPPY HEN SALE - Organic Pasture Raised Chicken Eggs": 960.96,
          "Ground Beef - Organic": 683.22,
          "Roasting Chicken": 416.6,
          "Live Culture Yogurt": 388.36,
          "Pork Bacon": 385.43,
          "Pork Shoulder Roast": 381.39,
          "Raw Honey": 370.86,
          "Raw A2/A2 Milk": 323,
          "Raw Sweet Cream Butter": 308,
          "Shiitake Mushrooms": 280.86,
          "Pork Chops Bone-In": 276.53,
          "Chicken Hindquarter": 235.2,
          "Beef Chuck Roast": 234.36,
          "Ground Pork": 221.28,
          "Crimini Mushrooms": 210,
          "New York Steak": 192.68,
          "Honey Maple Ham, Sliced": 180.18,
          "Ground Lamb": 172.55,
          "Yukon Potatoes": 170.43
        },
        "dropsite": {
          "Zafar Residence": 98,
          "Home Delivery - Eugene/Springfield/Junction City": 5261.44,
          "Woodstock": 353.18,
          "Cully": 695.83,
          "Farm - Friday": 748.44,
          "Hollywood Farmers Market": 704.8,
          "Corvallis": 313.63,
          "Home Delivery - Corvallis": 147.49,
          "Irvington": 491.63,
          "PSU Farmers Market": 927.59,
          "St Johns Farmers Market": 501.51,
          "Farm - Tuesday": 1594.19,
          "W 11th": 1448.64,
          "Friendly": 1250.02
        }
      }
    },
    {
      "dateRange": "2024-01-15 to 2024-01-21",
      "data": {
        "totalSales": "4477.63",
        "numOrders": 51,
        "numSubscriberOrders": 48,
        "numGuestOrders": 3,
        "averageItemsPerOrder": 7,
        "averageOrderAmount": "88.19",
        "totalActiveSubscribers": 206,
        "projectedMonthlySubscriptionRevenue": 48602,
        "vendors": {
          "Barrett Baking": 108.16,
          "Creamy Cow, LLC": 820.03,
          "Deck Family Farm": 2607.78,
          "Elegant Elephant Baking Co.": 56.2,
          "OGC": 278.59,
          "Full Farm CSA": 35.23,
          "Small is Beautiful Farm": 23.75,
          "Radiant Coffee Roasters": 131.67,
          "Reality Kitchen Nonprofit": 20.75,
          "Grazier's Garden": 139.2,
          "BNF Kombucha and Jun": 54.08,
          "Lonesome Whistle": 59.57,
          "Queen of Hearts Superfood": 44.56,
          "Sweet Creek": 26.38,
          "Kiko Denzer": 26.6,
          "Camas Country Mill": 25.79,
          "Spoiled Rotten Vinegar": 9.31,
          "Creole Me Up": 9.98
        },
        "category": {
          "Pantry - Breads & Baked Goods": 185.11,
          "Raw Dairy (Unpasteurized)": 48,
          "Raw Dairy": 772.03,
          "Organic Eggs": 334.18,
          "Organic Fruit": 73.43,
          "Organic Vegetables - Onions/Garlic": 25.27,
          "Pasture-raised Pork": 208.49,
          "Grass-fed Beef": 662.06,
          "Organic Vegetables - Roots": 83.47,
          "Sausages & Cured Meats": 620.45,
          "Organic Vegetables - Mushrooms": 129.78,
          "Pasture-raised Poultry": 388.9,
          "Spring Lamb": 68.6,
          "Pantry - Coffee": 131.67,
          "Organic Vegetables - Squash": 21.28,
          "Organic Vegetables - Potatoes": 77.21,
          "Pantry - Kombucha & Jun": 54.08,
          "Pantry - Snacks": 54.81,
          "Pantry - Dressings/Oils/Vinegars": 53.87,
          "Pantry - Beans/Grains/Pasta": 30.55,
          "Organic Vegetables - Leafy Greens": 66.33,
          "Pantry - Honey & Nuts": 245.7,
          "Pantry - Canned/Jarred/Preserved": 36.36,
          "Home Goods": 26.6,
          "Organ Meat & Lard": 8.4,
          "Organs/Lard/Bones": 71
        },
        "product": {
          "Raw Fresh Whole Milk": 532,
          "HAPPY HEN SALE - Organic Pasture Raised Chicken Eggs": 304.92,
          "Top Sirloin Steak": 209.93,
          "Roasting Chicken": 174.7,
          "Chicken Hindquarter": 141.12,
          "Cracked Walnuts": 129.36,
          "Sage and Sea Salt Pork Breakfast Sausage": 117.6,
          "Raw Honey": 116.34,
          "Ground Beef - Organic": 111.4,
          "Organic Artisan Sourdough Loaf": 108.16,
          "Pork Chop, Boneless": 91.48,
          "Ribeye Steak": 83.16,
          "Beef Chuck Roast": 78.12,
          "Shiitake Mushrooms": 77.28,
          "Pork Bacon": 74.4,
          "Chorizo Sausage": 69.3,
          "Bratwurst Sausage": 69.3,
          "Lamb Rib Chops": 68.6,
          "Beef Ground Organ Blend": 64.98,
          "Live Culture Yogurt": 61.18
        },
        "dropsite": {
          "Farm - Friday": 651.75,
          "PSU Farmers Market": 851.23,
          "St Johns Farmers Market": 367.87,
          "Irvington": 425.45,
          "Corvallis": 163.39,
          "Cully": 289.65,
          "Hollywood Farmers Market": 1105.82,
          "Woodstock": 376.66,
          "Zafar Residence": 108,
          "Home Delivery - Corvallis": 137.81
        }
      }
    },
    {
      "dateRange": "2024-01-08 to 2024-01-14",
      "data": {
        "totalSales": "12764.79",
        "numOrders": 130,
        "numSubscriberOrders": 125,
        "numGuestOrders": 5,
        "averageItemsPerOrder": 7,
        "averageOrderAmount": "100.11",
        "totalActiveSubscribers": 206,
        "projectedMonthlySubscriptionRevenue": 48602,
        "vendors": {
          "Radiant Coffee Roasters": 160.93,
          "Creamy Cow, LLC": 1988.49,
          "Deck Family Farm": 7522.95,
          "OGC": 750.14,
          "Elegant Elephant Baking Co.": 187.45,
          "Spoiled Rotten Vinegar": 70.49,
          "Grazier's Garden": 1363.9,
          "Barrett Baking": 95.76,
          "Small is Beautiful Farm": 75.75,
          "Full Farm CSA": 71.11,
          "Camas Country Mill": 60.12,
          "Kiko Denzer": 46.2,
          "Reality Kitchen Nonprofit": 118.25,
          "Sweet Creek": 138.71,
          "Queen of Hearts Superfood": 62.12,
          "RL Plants": 30.59,
          "Creole Me Up": 21.83
        },
        "category": {
          "Pantry - Coffee": 160.93,
          "Raw Dairy": 1935.29,
          "Organic Eggs": 952.49,
          "Sausages & Cured Meats": 1711.8,
          "Grass-fed Beef": 2008.5,
          "Organic Fruit": 219.46,
          "Pantry - Breads & Baked Goods": 401.46,
          "Pantry - Honey & Nuts": 145.74,
          "Pantry - Dressings/Oils/Vinegars": 132.61,
          "Organic Vegetables - Potatoes": 341.36,
          "Organic Vegetables - Roots": 578.86,
          "Organic Vegetables - Mushrooms": 389.05,
          "Pasture-raised Poultry": 807.1,
          "Dairy": 53.2,
          "Organic Vegetables - Squash": 201.12,
          "Pasture-raised Pork": 989.6,
          "Pantry - Beans/Grains/Pasta": 60.12,
          "Organic Vegetables - Herbs": 141.13,
          "Organic Vegetables - Leafy Greens": 365.98,
          "Spring Lamb": 354.2,
          "Home Goods": 76.79,
          "Organ Meat & Lard": 116.76,
          "Pasture Raised Poultry": 169.4,
          "Pantry - Canned/Jarred/Preserved": 184.48,
          "Organs/Lard/Bones": 93.24,
          "Pasture Raised Pork": 162.15,
          "Uncategorized": 11.97
        },
        "product": {
          "Raw Fresh Whole Milk": 1056,
          "Roasting Chicken": 665.28,
          "Organic Pasture Raised Chicken Eggs": 647.57,
          "Ground Beef - Organic": 439.98,
          "New York Steak": 401.68,
          "Pork Shoulder Roast": 354.11,
          "Pork Chops Bone-In": 326.43,
          "HAPPY HEN SALE - Organic Pasture Raised Chicken Eggs": 304.92,
          "Pork Bacon": 248,
          "A2/A2 Milk": 247,
          "Live Culture Yogurt": 236.74,
          "Honey Maple Ham, Sliced": 235.62,
          "Ground Pork": 231.42,
          "Crimini Mushrooms": 205.15,
          "Sage and Sea Salt Pork Breakfast Sausage": 199.92,
          "Orange Carrots": 199.8,
          "Beef Chuck Roast": 195.3,
          "Shiitake Mushrooms": 183.9,
          "Fresh Pork Loukaniko Sausage - made weekly in our farm kitchen!": 166.32,
          "Chicken Hindquarter": 164.64
        },
        "dropsite": {
          "Farm - Friday": 320.49,
          "St Johns Farmers Market": 262.76,
          "Cully": 700,
          "Woodstock": 1064.32,
          "PSU Farmers Market": 717.73,
          "Corvallis": 141,
          "Friendly": 1247.13,
          "Home Delivery - Eugene/Springfield/Junction City": 3965.06,
          "Home Delivery - Corvallis": 352.73,
          "Irvington": 455.04,
          "Hollywood Farmers Market": 776,
          "W 11th": 846.66,
          "Farm - Tuesday": 1737.5,
          "Zafar Residence": 96,
          "Sherwood": 82.37
        }
      }
    },
    {
      "dateRange": "2024-01-01 to 2024-01-07",
      "data": {
        "totalSales": "14432.32",
        "numOrders": 143,
        "numSubscriberOrders": 143,
        "numGuestOrders": 0,
        "averageItemsPerOrder": 9,
        "averageOrderAmount": "102.46",
        "totalActiveSubscribers": 206,
        "projectedMonthlySubscriptionRevenue": 48602,
        "vendors": {
          "Radiant Coffee Roasters": 351.12,
          "Camas Country Mill": 172.78,
          "Sweet Creek": 273.37,
          "OGC": 819.23,
          "Grazier's Garden": 2172.4,
          "Deck Family Farm": 6996.77,
          "": 420,
          "Creamy Cow, LLC": 2104.37,
          "Elegant Elephant Baking Co.": 223.54,
          "Small is Beautiful Farm": 99.75,
          "Barrett Baking": 138.32,
          "Full Farm CSA": 174.33,
          "Massimo's Fruit": 53.2,
          "RL Plants": 11.97,
          "Queen of Hearts Superfood": 70.24,
          "Spoiled Rotten Vinegar": 94.43,
          "Kiko Denzer": 142.94,
          "Reality Kitchen Nonprofit": 80.5,
          "Creole Me Up": 33.06
        },
        "category": {
          "Pantry - Coffee": 351.12,
          "Pantry - Beans/Grains/Pasta": 172.78,
          "Pantry - Canned/Jarred/Preserved": 318.4,
          "Organic Vegetables - Mushrooms": 379.89,
          "Organic Vegetables - Leafy Greens": 499.12,
          "Organic Vegetables - Roots": 739.78,
          "Pasture-raised Poultry": 947.08,
          "Uncategorized": 420,
          "Organic Fruit": 319,
          "Organic Vegetables - Potatoes": 470.17,
          "Organic Vegetables - Onions/Garlic": 337.38,
          "Organic Eggs": 1081.08,
          "Raw Dairy": 2083.09,
          "Organs/Lard/Bones": 57.96,
          "Sausages & Cured Meats": 2069.84,
          "Organic Vegetables - Herbs": 253.94,
          "Organic Vegetables - Squash": 307.66,
          "Grass-fed Beef": 1658.41,
          "Pantry - Breads & Baked Goods": 442.36,
          "Pantry - Honey & Nuts": 286.86,
          "Pasture-raised Pork": 594.57,
          "Home Goods": 154.91,
          "Spring Lamb": 184.29,
          "Pantry - Dressings/Oils/Vinegars": 164.67,
          "Organ Meat & Lard": 116.68,
          "Dairy": 21.28
        },
        "product": {
          "Raw Fresh Whole Milk": 1108,
          "Organic Pasture Raised Chicken Eggs": 1081.08,
          "Orange Carrots": 442.89,
          "Lamb Side": 420,
          "Roasting Chicken": 409.9,
          "Ground Beef - Organic": 378.76,
          "Sage and Sea Salt Pork Breakfast Sausage": 270.48,
          "Pork Bacon": 248,
          "Bone-In Chicken Breast": 241.92,
          "Spanish Onion": 239.52,
          "Honey Maple Ham, Sliced": 235.62,
          "Crimini Mushrooms": 220.5,
          "Live Culture Yogurt": 204.82,
          "Raw Honey": 201.6,
          "Beef Stew Meat": 200.53,
          "Ground Pork": 194.88,
          "Fresh Garlic Sausage Links": 194.04,
          "Pork Chops": 187.2,
          "Sweet Italian Sausage Links": 180.18,
          "A2/A2 Milk": 171
        },
        "dropsite": {
          "Hollywood Farmers Market": 2064.54,
          "Cully": 1255.5,
          "PSU Farmers Market": 1508.75,
          "Woodstock": 1202.78,
          "Irvington": 497.05,
          "Farm - Friday": 773.91,
          "Corvallis": 371.41,
          "St Johns Farmers Market": 647.6,
          "Home Delivery - Eugene/Springfield/Junction City": 3641.18,
          "Farm - Tuesday": 613.15,
          "W 11th": 671.62,
          "Zafar Residence": 96,
          "Friendly": 681.4,
          "Home Delivery - Corvallis": 219.41,
          "Sherwood": 188.02
        }
      }
    },
    {
      "dateRange": "2023-12-25 to 2023-12-31",
      "data": {
        "totalSales": "119.60",
        "numOrders": 1,
        "numSubscriberOrders": 1,
        "numGuestOrders": 0,
        "averageItemsPerOrder": 1,
        "averageOrderAmount": "119.60",
        "totalActiveSubscribers": 206,
        "projectedMonthlySubscriptionRevenue": 48602,
        "vendors": {
          "Grazier's Garden": 119.6
        },
        "category": {
          "Organic Vegetables - Potatoes": 119.6
        },
        "product": {
          "Yukon Potatoes": 119.6
        },
        "dropsite": {
          "Farm - Friday": 119.6
        }
      }
    },
    {
      "dateRange": "2023-12-18 to 2023-12-24",
      "data": {
        "totalSales": "14837.23",
        "numOrders": 139,
        "numSubscriberOrders": 138,
        "numGuestOrders": 1,
        "averageItemsPerOrder": 9,
        "averageOrderAmount": "108.18",
        "totalActiveSubscribers": 206,
        "projectedMonthlySubscriptionRevenue": 48602,
        "vendors": {
          "Deck Family Farm": 7380.74,
          "Creamy Cow, LLC": 2861.22,
          "Full Farm CSA": 222.19,
          "Grazier's Garden": 1910.8,
          "Reality Kitchen Nonprofit": 66,
          "OGC": 787.24,
          "Small is Beautiful Farm": 105,
          "Radiant Coffee Roasters": 160.93,
          "Elegant Elephant Baking Co.": 255.95,
          "Sweet Creek": 239.84,
          "Camas Country Mill": 133.42,
          "Massimo's Fruit": 81.13,
          "Creole Me Up": 109.16,
          "Barrett Baking": 138.32,
          "Queen of Hearts Superfood": 79.02,
          "RL Plants": 42.56,
          "Lonesome Whistle": 8.86,
          "Spoiled Rotten Vinegar": 101.08,
          "Kiko Denzer": 120.52,
          "The Fungi Pharm": 33.25
        },
        "category": {
          "Organ Meat & Lard": 206.46,
          "Pantry - Honey & Nuts": 705.18,
          "Sausages & Cured Meats": 1825.7,
          "Grass-fed Beef": 1706.85,
          "Raw Dairy": 2839.94,
          "Organic Eggs": 1210.44,
          "Home Goods": 209.63,
          "Organic Vegetables - Potatoes": 507.7,
          "Organic Vegetables - Herbs": 126.23,
          "Pantry - Breads & Baked Goods": 460.27,
          "Organic Vegetables - Roots": 662.2,
          "Pasture-raised Poultry": 895.92,
          "Pasture-raised Pork": 573.83,
          "Organic Vegetables - Squash": 317.94,
          "Organic Vegetables - Mushrooms": 406.33,
          "Organic Vegetables - Leafy Greens": 437.68,
          "Organic Fruit": 370.18,
          "Organic Vegetables - Onions/Garlic": 191.64,
          "Pantry - Coffee": 160.93,
          "Pantry - Canned/Jarred/Preserved": 384.91,
          "Spring Lamb": 184.12,
          "Pantry - Beans/Grains/Pasta": 142.28,
          "Pantry - Dressings/Oils/Vinegars": 180.1,
          "Organs/Lard/Bones": 42.84,
          "Dairy": 21.28,
          "Pasture Raised Poultry": 29.4,
          "Pantry - Snacks": 33.25,
          "Organic Vegetables - Root Veggies": 4
        },
        "product": {
          "Raw Fresh Whole Milk": 1572,
          "Organic Pasture Raised Chicken Eggs": 1210.44,
          "Raw Honey": 523.32,
          "Pork Bacon": 458.8,
          "Roasting Chicken": 400.32,
          "Ground Beef - Organic": 356.48,
          "Orange Carrots": 351.73,
          "A2/A2 Milk": 342,
          "Beef Chuck Roast": 312.48,
          "Pork Chops": 270.4,
          "Live Culture Yogurt": 252.22,
          "SALE Rosette D' Oregon Salami": 224,
          "Shiitake Mushrooms": 222.18,
          "Raw Fresh Sweet Cream": 211.5,
          "Chicken Hindquarter": 188.16,
          "Crimini Mushrooms": 184.15,
          "Yukon Potatoes": 184.06,
          "Cracked Walnuts": 181.86,
          "Honey Maple Ham, Sliced": 180.18,
          "Sage and Sea Salt Pork Breakfast Sausage": 164.64
        },
        "dropsite": {
          "Farm - Friday": 615.94,
          "Cully": 360.6,
          "PSU Farmers Market": 1646.97,
          "Hollywood Farmers Market": 1181.48,
          "Irvington": 826.92,
          "W 11th": 942.13,
          "Corvallis": 188.66,
          "St Johns Farmers Market": 442.06,
          "Home Delivery - Corvallis": 507.77,
          "Farm - Tuesday": 1286.09,
          "Friendly": 1696.65,
          "Home Delivery - Eugene/Springfield/Junction City": 4554.27,
          "Zafar Residence": 144,
          "Woodstock": 443.69
        }
      }
    },
    {
      "dateRange": "2023-12-11 to 2023-12-17",
      "data": {
        "totalSales": "12467.72",
        "numOrders": 140,
        "numSubscriberOrders": 134,
        "numGuestOrders": 6,
        "averageItemsPerOrder": 9,
        "averageOrderAmount": "90.77",
        "totalActiveSubscribers": 206,
        "projectedMonthlySubscriptionRevenue": 48602,
        "vendors": {
          "Deck Family Farm": 5499.89,
          "Grazier's Garden": 2133.46,
          "OGC": 654.53,
          "Spoiled Rotten Vinegar": 99.22,
          "Massimo's Fruit": 86.75,
          "Elegant Elephant Baking Co.": 241.51,
          "Reality Kitchen Nonprofit": 101.75,
          "The Fungi Pharm": 69,
          "Creole Me Up": 112.28,
          "Barrett Baking": 85.12,
          "Full Farm CSA": 89.83,
          "Little Wings": 113.62,
          "Creamy Cow, LLC": 2430.9,
          "Small is Beautiful Farm": 127.75,
          "Camas Country Mill": 93.23,
          "RL Plants": 37.24,
          "Kiko Denzer": 116.74,
          "Camas Swale Farm": 133.87,
          "Red Tail Growers": 16.62,
          "BNF Kombucha and Jun": 26.84,
          "Radiant Coffee Roasters": 87.78,
          "Queen of Hearts Superfood": 105.36,
          "Lonesome Whistle": 4.43
        },
        "category": {
          "Organic Eggs": 806.96,
          "Organs/Lard/Bones": 66.64,
          "Spring Lamb": 602.77,
          "Pasture-raised Pork": 433.69,
          "Organic Vegetables - Onions/Garlic": 288.25,
          "Organic Vegetables - Squash": 212.04,
          "Pasture-raised Poultry": 749.1,
          "Organic Vegetables - Potatoes": 335.72,
          "Organic Vegetables - Roots": 653.78,
          "Organic Vegetables - Leafy Greens": 632.69,
          "Pantry - Dressings/Oils/Vinegars": 204.58,
          "Organic Fruit": 543.22,
          "Pantry - Breads & Baked Goods": 428.38,
          "Sausages & Cured Meats": 1502.46,
          "Pantry - Kombucha & Jun": 62.59,
          "Pantry - Canned/Jarred/Preserved": 136.22,
          "Organic Vegetables - Mushrooms": 316.85,
          "Organic Vegetables - Herbs": 250.22,
          "Grass-fed Beef": 913.65,
          "Raw Dairy": 2404.3,
          "Pantry - Honey & Nuts": 247.8,
          "Pantry - Beans/Grains/Pasta": 97.66,
          "Home Goods": 153.98,
          "Organ Meat & Lard": 114.66,
          "Organic Vegetables - Broccoli/Cauliflower/Cabbage": 87.78,
          "Dairy": 26.6,
          "Organic Vegetables  - Broccoli/Cauliflower/Cabbage": 4.29,
          "Pantry - Coffee": 87.78,
          "Organic Vegetables - Tomatoes": 7.65,
          "Pasture Raised Poultry": 62.16,
          "Pantry - Snacks": 33.25
        },
        "product": {
          "Raw Fresh Whole Milk": 1148,
          "Organic Pasture Raised Chicken Eggs": 806.96,
          "SALE Rosette D' Oregon Salami": 368,
          "Orange Carrots": 323.79,
          "Lamb Shoulder Roast": 302.4,
          "Roasting Chicken": 282.06,
          "Raw Honey": 247.8,
          "Sage and Sea Salt Pork Breakfast Sausage": 236.18,
          "A2/A2 Milk": 228,
          "Live Culture Yogurt": 226.1,
          "Ground Beef - Organic": 215.34,
          "Raw Cultured Butter": 208,
          "Frozen Strawberries": 194,
          "Chicken Hindquarter": 188.16,
          "Raw Fresh Sweet Cream": 188,
          "Shiitake Mushrooms": 169.05,
          "Pork Shoulder Roast": 166.32,
          "Crimini Mushrooms": 147.8,
          "Raw Farmer's Cheese": 141,
          "Raw Sweet Cream Butter": 140
        },
        "dropsite": {
          "Lane County Farmers Market": 187.28,
          "Hollywood Farmers Market": 1664.64,
          "PSU Farmers Market": 988.83,
          "Irvington": 117.14,
          "Cully": 1277.66,
          "Woodstock": 734.43,
          "Farm - Friday": 463.14,
          "St Johns Farmers Market": 421.6,
          "Home Delivery - Eugene/Springfield/Junction City": 3330.03,
          "Home Delivery - Corvallis": 48.65,
          "Corvallis": 319.49,
          "Friendly": 849.88,
          "Farm - Tuesday": 928.14,
          "W 11th": 950.18,
          "Zafar Residence": 84,
          "Sherwood": 102.63
        }
      }
    },
    {
      "dateRange": "2023-12-04 to 2023-12-10",
      "data": {
        "totalSales": "13641.82",
        "numOrders": 147,
        "numSubscriberOrders": 142,
        "numGuestOrders": 5,
        "averageItemsPerOrder": 9,
        "averageOrderAmount": "94.50",
        "totalActiveSubscribers": 206,
        "projectedMonthlySubscriptionRevenue": 48602,
        "vendors": {
          "Radiant Coffee Roasters": 190.19,
          "Deck Family Farm": 6300.62,
          "Grazier's Garden": 2004.02,
          "Camas Swale Farm": 380.56,
          "Creamy Cow, LLC": 2104.85,
          "OGC": 944.38,
          "Reality Kitchen Nonprofit": 149.75,
          "Red Tail Growers": 130.7,
          "Spoiled Rotten Vinegar": 78.47,
          "Small is Beautiful Farm": 115.25,
          "Queen of Hearts Superfood": 52.68,
          "Elegant Elephant Baking Co.": 267.11,
          "Camas Country Mill": 129.93,
          "Lonesome Whistle": 15.47,
          "Massimo's Fruit": 55.86,
          "Barrett Baking": 63.84,
          "Little Wings": 87.39,
          "MINYO KINOKO Foraged Goods": 90.08,
          "Kiko Denzer": 198.2,
          "BNF Kombucha and Jun": 123.59,
          "My Brothers Farm": 67.5,
          "Full Farm CSA": 23.94,
          "Creole Me Up": 34.19,
          "The Fungi Pharm": 33.25
        },
        "category": {
          "Pantry - Coffee": 190.19,
          "Pasture-raised Poultry": 713.04,
          "Organic Vegetables - Squash": 300.57,
          "Organic Vegetables - Leafy Greens": 543.94,
          "Organic Vegetables - Roots": 682.44,
          "Organic Vegetables - Herbs": 257.71,
          "Organic Eggs": 1044.89,
          "Raw Dairy": 2078.25,
          "Pasture-raised Pork": 419.52,
          "Organic Vegetables - Mushrooms": 423.04,
          "Organic Vegetables - Onions/Garlic": 418.43,
          "Sausages & Cured Meats": 1752.65,
          "Spring Lamb": 316.05,
          "Pantry - Breads & Baked Goods": 480.7,
          "Pantry - Dressings/Oils/Vinegars": 131.15,
          "Organic Vegetables - Potatoes": 399.15,
          "Organic Fruit": 680.43,
          "Organic Vegetables - Broccoli/Cauliflower/Cabbage": 57.86,
          "Dairy": 26.6,
          "Grass-fed Beef": 1686.87,
          "Pantry - Beans/Grains/Pasta": 145.4,
          "Organs/Lard/Bones": 119.24,
          "Organic Vegetables - Other": 31.92,
          "Pantry - Honey & Nuts": 266.72,
          "Home Goods": 198.2,
          "Pantry - Kombucha & Jun": 123.59,
          "Organ Meat & Lard": 49.14,
          "Organic Vegetables - Tomatoes": 12.75,
          "Pantry - Canned/Jarred/Preserved": 91.38
        },
        "product": {
          "Raw Fresh Whole Milk": 1100,
          "Organic Pasture Raised Chicken Eggs": 1044.89,
          "SALE Rosette D' Oregon Salami": 504,
          "Ground Beef - Organic": 384.28,
          "A2/A2 Milk": 342,
          "Orange Carrots": 335.46,
          "Western Beef Short Ribs": 221.76,
          "Cranberries": 214.13,
          "Roasting Chicken": 213.68,
          "Raw Honey": 199.22,
          "Chicken Hindquarter": 188.16,
          "Sage and Sea Salt Pork Breakfast Sausage": 177.38,
          "Live Culture Yogurt": 172.9,
          "Beef Tenderloin": 171.36,
          "Shiitake Mushrooms": 169.41,
          "Fresh Pork Loukaniko Sausage - made weekly in our farm kitchen!": 166.32,
          "Beef Stew Meat": 164.07,
          "Crimini Mushrooms": 163.55,
          "Honeynut squash": 159.6,
          "Peppered Knife Cut Beef Jerky": 152.25
        },
        "dropsite": {
          "Hollywood Farmers Market": 1286.73,
          "Lane County Farmers Market": 294.7,
          "Farm - Friday": 916.96,
          "PSU Farmers Market": 968.08,
          "Woodstock": 953.41,
          "St Johns Farmers Market": 191.99,
          "Irvington": 686.41,
          "Farm - Tuesday": 817.76,
          "Corvallis": 205.69,
          "Home Delivery - Corvallis": 195.68,
          "Cully": 535.29,
          "Home Delivery - Eugene/Springfield/Junction City": 4334.89,
          "Friendly": 921.16,
          "W 11th": 1139.25,
          "Sherwood": 121.82,
          "Zafar Residence": 72
        }
      }
    },
    {
      "dateRange": "2023-11-27 to 2023-12-03",
      "data": {
        "totalSales": "11118.98",
        "numOrders": 137,
        "numSubscriberOrders": 133,
        "numGuestOrders": 4,
        "averageItemsPerOrder": 8,
        "averageOrderAmount": "82.62",
        "totalActiveSubscribers": 206,
        "projectedMonthlySubscriptionRevenue": 48602,
        "vendors": {
          "Deck Family Farm": 4686.51,
          "Grazier's Garden": 1947.65,
          "Creamy Cow, LLC": 2417.39,
          "OGC": 357.75,
          "Camas Swale Farm": 169.41,
          "Small is Beautiful Farm": 85.25,
          "Massimo's Fruit": 70.04,
          "Red Tail Growers": 255.26,
          "Camas Country Mill": 163.44,
          "Sweet Creek": 25.25,
          "Barrett Baking": 182.64,
          "Elegant Elephant Baking Co.": 166.09,
          "Full Farm CSA": 34.75,
          "MINYO KINOKO Foraged Goods": 128.77,
          "Radiant Coffee Roasters": 132.04,
          "BNF Kombucha and Jun": 22.1,
          "Reality Kitchen Nonprofit": 59.25,
          "Creole Me Up": 58.96,
          "The Extra Loaf": 29.26,
          "Queen of Hearts Superfood": 79.02,
          "My Brothers Farm": 25.65,
          "Lonesome Whistle": 11.5,
          "RL Plants": 11
        },
        "category": {
          "Sausages & Cured Meats": 1142.96,
          "Organic Vegetables - Onions/Garlic": 357.38,
          "Organic Vegetables - Roots": 495.52,
          "Raw Dairy": 2303.97,
          "Organic Vegetables - Potatoes": 314.67,
          "Organic Vegetables - Mushrooms": 443.02,
          "Pasture-raised Poultry": 673.74,
          "Pasture-raised Pork": 296.08,
          "Grass-fed Beef": 1277.53,
          "Organic Vegetables - Leafy Greens": 433.06,
          "Organic Vegetables - Squash": 170.19,
          "Organic Vegetables - Broccoli/Cauliflower/Cabbage": 235.46,
          "Organic Fruit": 355.29,
          "Organic Eggs": 843.92,
          "Organic Vegetables  - Broccoli/Cauliflower/Cabbage": 9.79,
          "Pasture Raised Pork": 26.4,
          "Spring Lamb": 109.2,
          "Pantry - Beans/Grains/Pasta": 174.94,
          "Pantry - Canned/Jarred/Preserved": 118.96,
          "Pantry - Breads & Baked Goods": 437.24,
          "Pantry - Honey & Nuts": 194.07,
          "Organs/Lard/Bones": 13.44,
          "Dairy": 113.42,
          "Organic Vegetables - Herbs": 188.1,
          "Pantry - Coffee": 132.04,
          "Pantry - Kombucha & Jun": 22.1,
          "Pasture Raised Poultry": 98.28,
          "Pantry - Dressings/Oils/Vinegars": 79.02,
          "Organic Vegetables - Tomatoes": 11.65,
          "Organ Meat & Lard": 36.54,
          "Home Goods": 11
        },
        "product": {
          "Raw Fresh Whole Milk": 1092,
          "Organic Pasture Raised Chicken Eggs": 843.92,
          "Heidi of the Hills Cheese": 333.04,
          "Orange Carrots": 307.92,
          "Live Culture Yogurt": 261.3,
          "A2/A2 Milk": 228,
          "Pork Bacon": 210.8,
          "Frozen Strawberries": 200,
          "Sage and Sea Salt Pork Breakfast Sausage": 199.92,
          "Bone-In Chicken Breast": 189,
          "Organic Artisan Sourdough Loaf": 182.64,
          "Crimini Mushrooms": 178.65,
          "Ground Beef - Organic": 178.24,
          "Raw Honey": 168.42,
          "SALE - Red Ranger Roaster": 164.64,
          "Raw Fresh Sweet Cream": 164.5,
          "SALE - Roasting Chicken": 142.3,
          "Shiitake Mushrooms": 135.6,
          "Beef Brisket": 132.49,
          "Ground Beef - All Natural": 131.14
        },
        "dropsite": {
          "Farm - Friday": 524.16,
          "PSU Farmers Market": 729.26,
          "Hollywood Farmers Market": 1570.5,
          "Irvington": 172.95,
          "Woodstock": 411.01,
          "Cully": 736.67,
          "Lane County Farmers Market": 308.8,
          "Home Delivery - Corvallis": 465.87,
          "Farm - Tuesday": 901.16,
          "Home Delivery - Eugene/Springfield/Junction City": 3075.37,
          "W 11th": 1008.28,
          "Friendly": 791.02,
          "Sherwood": 234.41,
          "Corvallis": 55.33,
          "St Johns Farmers Market": 38.19,
          "Zafar Residence": 96
        }
      }
    },
    {
      "dateRange": "2023-11-20 to 2023-11-26",
      "data": {
        "totalSales": "10603.46",
        "numOrders": 119,
        "numSubscriberOrders": 114,
        "numGuestOrders": 5,
        "averageItemsPerOrder": 8,
        "averageOrderAmount": "91.04",
        "totalActiveSubscribers": 206,
        "projectedMonthlySubscriptionRevenue": 48602,
        "vendors": {
          "Creamy Cow, LLC": 2018.05,
          "Red Tail Growers": 417.47,
          "Camas Country Mill": 154.79,
          "Deck Family Farm": 4696.41,
          "Grazier's Garden": 1768.77,
          "OGC": 337.75,
          "Elegant Elephant Baking Co.": 279.29,
          "My Brothers Farm": 92.25,
          "Massimo's Fruit": 57,
          "Small is Beautiful Farm": 55.25,
          "": 87.36,
          "Creole Me Up": 26,
          "Radiant Coffee Roasters": 77.75,
          "Lonesome Whistle": 5.5,
          "Camas Swale Farm": 186,
          "Barrett Baking": 81.92,
          "Little Wings": 83.5,
          "Reality Kitchen Nonprofit": 65.75,
          "Sweet Creek": 10,
          "Queen of Hearts Superfood": 9.9,
          "The Extra Loaf": 74,
          "Spoiled Rotten Vinegar": 18.75
        },
        "category": {
          "Raw Dairy": 1994.05,
          "Organic Vegetables - Onions/Garlic": 411.66,
          "Pantry - Beans/Grains/Pasta": 154.79,
          "Sausages & Cured Meats": 1083.57,
          "Pasture-raised Poultry": 854.97,
          "Organic Vegetables - Squash": 194,
          "Organic Vegetables - Mushrooms": 316,
          "Organic Vegetables - Broccoli/Cauliflower/Cabbage": 156,
          "Organic Vegetables - Tomatoes": 30,
          "Organic Vegetables - Leafy Greens": 593.06,
          "Organic Vegetables - Roots": 539.2,
          "Pantry - Breads & Baked Goods": 500.96,
          "Pasture-raised Pork": 599.12,
          "Organs/Lard/Bones": 45.57,
          "Organic Eggs": 435.82,
          "Pantry - Honey & Nuts": 264.45,
          "Organic Fruit": 242.25,
          "Grass-fed Beef": 1047.52,
          "Organic Vegetables - Potatoes": 230.82,
          "Organic Vegetables - Herbs": 173.25,
          "Uncategorized": 87.36,
          "Spring Lamb": 336.84,
          "Pantry - Canned/Jarred/Preserved": 36,
          "Pantry - Coffee": 77.75,
          "Pantry - Snacks": 5.5,
          "Pasture Raised Pork": 26.4,
          "Pasture Raised Poultry": 94.4,
          "Organic Vegetables - Other": 13,
          "Pantry - Dressings/Oils/Vinegars": 28.65,
          "Organic Vegetables  - Broccoli/Cauliflower/Cabbage": 6.5,
          "Dairy": 24
        },
        "product": {
          "Raw Fresh Whole Milk": 1068,
          "Organic Pasture Raised Chicken Eggs": 435.82,
          "A2/A2 Milk": 342,
          "SALE - Roasting Chicken": 339.6,
          "Pork Bacon": 327.55,
          "Orange Carrots": 266,
          "Pork Shoulder Roast": 249.48,
          "SALE - Red Ranger Roaster": 233.01,
          "Raw Fresh Sweet Cream": 188,
          "Ground Lamb": 185.64,
          "Shiitake Mushrooms": 175,
          "Ground Pork": 172.56,
          "Raw Honey": 172.2,
          "Yukon Potatoes": 164.5,
          "Baby Mustard Salad Mix": 160.06,
          "Lamb Shoulder Roast": 151.2,
          "Live Culture Yogurt": 147,
          "Crimini Mushrooms": 141,
          "Beef Patties": 133.68,
          "Frozen Strawberries": 130
        },
        "dropsite": {
          "Zafar Residence": 96,
          "Cully": 493.78,
          "St Johns Farmers Market": 402.39,
          "Lane County Farmers Market": 296,
          "Hollywood Farmers Market": 1272.45,
          "Irvington": 288.73,
          "Farm - Tuesday": 1014.04,
          "Woodstock": 103.98,
          "PSU Farmers Market": 691.18,
          "Friendly": 915.69,
          "Home Delivery - Eugene/Springfield/Junction City": 3626.81,
          "W 11th": 884.64,
          "Farm - Friday": 92.96,
          "Corvallis": 122.03,
          "Home Delivery - Corvallis": 138.67,
          "Sherwood": 164.11
        }
      }
    },
    {
      "dateRange": "2023-11-13 to 2023-11-19",
      "data": {
        "totalSales": "17067.17",
        "numOrders": 185,
        "numSubscriberOrders": 155,
        "numGuestOrders": 30,
        "averageItemsPerOrder": 8,
        "averageOrderAmount": "93.77",
        "totalActiveSubscribers": 206,
        "projectedMonthlySubscriptionRevenue": 48602,
        "vendors": {
          "Radiant Coffee Roasters": 222.75,
          "Elegant Elephant Baking Co.": 307.67,
          "Little Wings": 263,
          "OGC": 472,
          "Grazier's Garden": 2386.75,
          "": 200,
          "Deck Family Farm": 8613.64,
          "Full Farm CSA": 34.75,
          "Red Tail Growers": 434.56,
          "Small is Beautiful Farm": 143,
          "Camas Swale Farm": 720.25,
          "Camas Country Mill": 188.75,
          "Massimo's Fruit": 121.5,
          "Creamy Cow, LLC": 2155.7,
          "My Brothers Farm": 120.15,
          "Reality Kitchen Nonprofit": 122,
          "Lonesome Whistle": 143,
          "The Extra Loaf": 213.5,
          "Kiko Denzer": 27,
          "Creole Me Up": 9,
          "RL Plants": 34.5,
          "Queen of Hearts Superfood": 40.59,
          "Sweet Creek": 17.5,
          "BNF Kombucha and Jun": 41.86,
          "Spoiled Rotten Vinegar": 33.75
        },
        "category": {
          "Pantry - Coffee": 222.75,
          "Pantry - Breads & Baked Goods": 643.17,
          "Organic Vegetables - Leafy Greens": 704,
          "Organic Vegetables - Roots": 776,
          "Uncategorized": 212.5,
          "Thanksgiving Turkeys": 1366.71,
          "Pantry - Canned/Jarred/Preserved": 61.25,
          "Organic Vegetables - Mushrooms": 427,
          "Organic Vegetables - Herbs": 285.25,
          "Sausages & Cured Meats": 1224.67,
          "Grass-fed Beef": 1725.83,
          "Pasture-raised Pork": 564.94,
          "Organic Fruit": 354.5,
          "Organic Vegetables - Onions/Garlic": 916.56,
          "Organic Vegetables - Squash": 310.5,
          "Pasture-raised Poultry": 1170.85,
          "Organs/Lard/Bones": 79.73,
          "Pasture Raised Poultry": 208.04,
          "Spring Lamb": 274.54,
          "Pasture Raised Pork": 225.26,
          "Organic Vegetables - Potatoes": 348,
          "Pantry - Beans/Grains/Pasta": 245.75,
          "Organic Eggs": 1349.81,
          "Raw Dairy": 2100.2,
          "Organic Vegetables - Broccoli/Cauliflower/Cabbage": 219,
          "Organic Vegetables - Other": 86.75,
          "Pantry - Honey & Nuts": 423.29,
          "Dairy": 55.5,
          "Pantry - Snacks": 86,
          "Home Goods": 49.5,
          "Organic Vegetables - Tomatoes": 98,
          "Flowers": 12,
          "Pantry - Dressings/Oils/Vinegars": 74.34,
          "Organic Vegetables  - Broccoli/Cauliflower/Cabbage": 3,
          "Organ Meat & Lard": 120.12,
          "Pantry - Kombucha & Jun": 41.86
        },
        "product": {
          "Pre-order, Heritage Thanksgiving Turkeys": 1366.71,
          "HAPPY HEN SALE - Organic Pasture Raised Chicken Eggs": 1191.96,
          "Raw Fresh Whole Milk": 1008,
          "SALE - Stewing Hen": 432,
          "Pork Shoulder Roast": 422.72,
          "Roasting Chicken": 386.18,
          "A2/A2 Milk": 361,
          "Ribeye Steak": 332.67,
          "Ground Beef - All Natural": 309.12,
          "Inchelium Chesnook Garlic (1 lb)": 308.5,
          "Raw Honey": 303.14,
          "Fresh Pork Chaurice Sausage": 295,
          "Orange Carrots": 281,
          "Pork Chops": 280.78,
          "Pork Bacon": 275.89,
          "Beef Brisket": 268.56,
          "Western Beef Short Ribs": 254.1,
          "Crimini Mushrooms": 247,
          "Live Culture Yogurt": 210,
          "Lamb Deposit": 200
        },
        "dropsite": {
          "Home Delivery - Eugene/Springfield/Junction City": 4165.93,
          "Hollywood Farmers Market": 2461.89,
          "Farm - Friday": 926.09,
          "Lane County Farmers Market": 1091.52,
          "Irvington": 715.82,
          "Cully": 761.74,
          "Sherwood": 86.86,
          "PSU Farmers Market": 759.02,
          "St Johns Farmers Market": 678.72,
          "Home Delivery - Corvallis": 369.9,
          "Friendly": 1418.13,
          "Farm - Tuesday": 1015.01,
          "W 11th": 1110.21,
          "Corvallis": 720.38,
          "Woodstock": 677.95,
          "Zafar Residence": 108
        }
      }
    },
    {
      "dateRange": "2023-11-06 to 2023-11-12",
      "data": {
        "totalSales": "13560.25",
        "numOrders": 157,
        "numSubscriberOrders": 157,
        "numGuestOrders": 0,
        "averageItemsPerOrder": 8,
        "averageOrderAmount": "88.15",
        "totalActiveSubscribers": 206,
        "projectedMonthlySubscriptionRevenue": 48602,
        "vendors": {
          "Grazier's Garden": 2074,
          "Queen of Hearts Superfood": 19.8,
          "Deck Family Farm": 6420.84,
          "Creamy Cow, LLC": 2224.6,
          "Little Wings": 594.5,
          "OGC": 358.5,
          "Camas Swale Farm": 410.75,
          "Red Tail Growers": 285.25,
          "Lonesome Whistle": 17.25,
          "Massimo's Fruit": 182.5,
          "Elegant Elephant Baking Co.": 193.81,
          "Small is Beautiful Farm": 65.5,
          "The Extra Loaf": 139.25,
          "Radiant Coffee Roasters": 197.75,
          "Reality Kitchen Nonprofit": 87.25,
          "Sweet Creek": 53,
          "BNF Kombucha and Jun": 150.3,
          "My Brothers Farm": 45.9,
          "Camas Country Mill": 17,
          "Full Farm CSA": 22.5
        },
        "category": {
          "Organic Vegetables - Tomatoes": 251,
          "Pantry - Dressings/Oils/Vinegars": 19.8,
          "Grass-fed Beef": 1746.42,
          "Raw Dairy": 2212.6,
          "Organic Fruit": 468,
          "Organic Vegetables - Herbs": 190.75,
          "Organic Vegetables - Mushrooms": 315,
          "Organic Vegetables - Broccoli/Cauliflower/Cabbage": 194,
          "Organic Vegetables - Leafy Greens": 851.75,
          "Organic Vegetables - Roots": 668.5,
          "Organic Eggs": 1081.08,
          "Spring Lamb": 298.92,
          "Organic Vegetables - Squash": 274,
          "Pantry - Snacks": 10,
          "Organic Vegetables - Potatoes": 256,
          "Sausages & Cured Meats": 1152.22,
          "Pasture-raised Poultry": 729.43,
          "Pasture-raised Pork": 382.7,
          "Pantry - Breads & Baked Goods": 420.31,
          "Organ Meat & Lard": 32.76,
          "Organic Vegetables - Onions/Garlic": 359.25,
          "Thanksgiving Turkeys": 607.97,
          "Organic Vegetables - Other": 76.75,
          "Pantry - Beans/Grains/Pasta": 24.25,
          "Pantry - Honey & Nuts": 288.24,
          "Organs/Lard/Bones": 147,
          "Pantry - Coffee": 197.75,
          "Pantry - Canned/Jarred/Preserved": 75.5,
          "Pantry - Kombucha & Jun": 150.3,
          "Organic Vegetables - Peppers": 62,
          "Dairy": 12,
          "Organic Vegetables - Root Veggies": 4
        },
        "product": {
          "Raw Fresh Whole Milk": 1192,
          "HAPPY HEN SALE - Organic Pasture Raised Chicken Eggs": 1034.88,
          "Pre-order, Heritage Thanksgiving Turkeys": 607.97,
          "Ground Beef - All Natural": 511.56,
          "A2/A2 Milk": 323,
          "Pork Bacon": 297.6,
          "Orange Carrots": 280,
          "Top Sirloin Steak": 253.98,
          "Roasting Chicken": 247.28,
          "Raw Honey": 242.34,
          "Ground Lamb": 228.48,
          "Frozen Strawberries": 220,
          "Korean Beef Short Ribs": 211.68,
          "Pork Shoulder Roast": 207.9,
          "Yukon Potatoes": 206.5,
          "Red Ranger Roaster": 188.16,
          "Live Culture Yogurt": 178.5,
          "Ribeye Steak": 174.65,
          "Fresh Pork Chaurice Sausage": 170,
          "Pork Chops": 166.4
        },
        "dropsite": {
          "Sherwood": 314.42,
          "Farm - Friday": 709.89,
          "Hollywood Farmers Market": 1609.17,
          "PSU Farmers Market": 850.49,
          "Cully": 546.33,
          "Irvington": 548.86,
          "Woodstock": 931.57,
          "St Johns Farmers Market": 397.99,
          "Farm - Tuesday": 900.51,
          "Lane County Farmers Market": 346.53,
          "Home Delivery - Corvallis": 229.68,
          "Friendly": 998.07,
          "Home Delivery - Eugene/Springfield/Junction City": 3733.91,
          "W 11th": 1073.63,
          "Zafar Residence": 171.48,
          "Corvallis": 197.72
        }
      }
    },
    {
      "dateRange": "2023-10-30 to 2023-11-05",
      "data": {
        "totalSales": "8566.83",
        "numOrders": 112,
        "numSubscriberOrders": 112,
        "numGuestOrders": 0,
        "averageItemsPerOrder": 8,
        "averageOrderAmount": "78.19",
        "totalActiveSubscribers": 206,
        "projectedMonthlySubscriptionRevenue": 48602,
        "vendors": {
          "Small is Beautiful Farm": 138.75,
          "Grazier's Garden": 1413.05,
          "Little Wings": 342.25,
          "OGC": 219,
          "Deck Family Farm": 3461.06,
          "Creamy Cow, LLC": 1810.85,
          "BNF Kombucha and Jun": 139.25,
          "Elegant Elephant Baking Co.": 47.9,
          "Camas Swale Farm": 338,
          "Red Tail Growers": 192.37,
          "Reality Kitchen Nonprofit": 47,
          "Lonesome Whistle": 104.25,
          "Camas Country Mill": 12.5,
          "The Extra Loaf": 144.5,
          "Sweet Creek": 23.25,
          "Queen of Hearts Superfood": 19.8,
          "My Brothers Farm": 44.55,
          "Full Farm CSA": 22.5,
          "Radiant Coffee Roasters": 15,
          "The Fungi Pharm": 31
        },
        "category": {
          "Organic Vegetables - Peppers": 159.25,
          "Organic Vegetables - Leafy Greens": 466.5,
          "Organic Vegetables - Roots": 332.8,
          "Organic Vegetables - Broccoli/Cauliflower/Cabbage": 192,
          "Organic Vegetables - Mushrooms": 190,
          "Sausages & Cured Meats": 868.46,
          "Grass-fed Beef": 737.53,
          "Raw Dairy": 1786.85,
          "Organic Eggs": 415.8,
          "Pantry - Kombucha & Jun": 139.25,
          "Pantry - Breads & Baked Goods": 239.4,
          "Organic Fruit": 259.25,
          "Organic Vegetables - Squash": 213,
          "Organic Vegetables - Potatoes": 216.25,
          "Organic Vegetables - Onions/Garlic": 274.12,
          "Organic Vegetables - Herbs": 128,
          "Spring Lamb": 166.32,
          "Organic Vegetables - Other": 65.25,
          "Pasture-raised Poultry": 458.46,
          "Pantry - Snacks": 51.5,
          "Pantry - Beans/Grains/Pasta": 65.25,
          "Thanksgiving Turkeys": 489.39,
          "Pantry - Canned/Jarred/Preserved": 76.75,
          "Pasture-raised Pork": 218.84,
          "Organs/Lard/Bones": 17.64,
          "Dairy": 24,
          "Organic Vegetables - Tomatoes": 147,
          "Pantry - Honey & Nuts": 133.17,
          "Pantry - Dressings/Oils/Vinegars": 19.8,
          "Pantry - Coffee": 15
        },
        "product": {
          "Raw Fresh Whole Milk": 984,
          "Pre-order, Heritage Thanksgiving Turkeys": 489.39,
          "Organic Pasture Raised Chicken Eggs": 415.8,
          "Ground Beef - All Natural": 270.26,
          "Pork Bacon": 235.6,
          "Orange Carrots": 212,
          "A2/A2 Milk": 190,
          "Live Culture Yogurt": 187.5,
          "SALE - Beef Chuck Roast": 170.9,
          "Frozen Strawberries": 170,
          "Raw Fresh Sweet Cream": 141,
          "Fresh Pork Loukaniko Sausage": 128,
          "Roasting Chicken": 123.64,
          "Raw Cultured Butter": 117,
          "Arugula": 110,
          "Pork Chops": 104,
          "Baby Bok Choi": 96,
          "Crimini Mushrooms": 95,
          "Shiitake Mushrooms": 95,
          "Spanish Onion": 95
        },
        "dropsite": {
          "Cully": 309.65,
          "Corvallis": 135.46,
          "Zafar Residence": 84,
          "Hollywood Farmers Market": 1282.87,
          "PSU Farmers Market": 833.22,
          "Farm - Friday": 164.25,
          "Lane County Farmers Market": 249.2,
          "Irvington": 367.7,
          "Woodstock": 648.49,
          "Home Delivery - Corvallis": 152.88,
          "St Johns Farmers Market": 195.31,
          "Friendly": 705.43,
          "Home Delivery - Eugene/Springfield/Junction City": 2450.82,
          "W 11th": 629.5,
          "Farm - Tuesday": 358.05
        }
      }
    },
    {
      "dateRange": "2023-10-23 to 2023-10-29",
      "data": {
        "totalSales": "14754.14",
        "numOrders": 158,
        "numSubscriberOrders": 158,
        "numGuestOrders": 0,
        "averageItemsPerOrder": 9,
        "averageOrderAmount": "95.22",
        "totalActiveSubscribers": 206,
        "projectedMonthlySubscriptionRevenue": 48602,
        "vendors": {
          "Deck Family Farm": 7160.81,
          "Creamy Cow, LLC": 2435.15,
          "Camas Country Mill": 77.25,
          "Full Farm CSA": 11.25,
          "BNF Kombucha and Jun": 41.07,
          "Radiant Coffee Roasters": 251,
          "Red Tail Growers": 693.02,
          "Grazier's Garden": 2103.15,
          "Little Wings": 421.25,
          "Camas Swale Farm": 420.75,
          "OGC": 385.75,
          "Small is Beautiful Farm": 168.5,
          "The Extra Loaf": 172.5,
          "Lonesome Whistle": 52.25,
          "The Fungi Pharm": 31,
          "My Brothers Farm": 56.7,
          "Elegant Elephant Baking Co.": 93.64,
          "Sweet Creek": 65.5,
          "Queen of Hearts Superfood": 39.6,
          "RL Plants": 5.5,
          "Creole Me Up": 8.5,
          "Reality Kitchen Nonprofit": 34,
          "River Ranch Oregon Olive OIl": 26
        },
        "category": {
          "Grass-fed Beef": 1777.73,
          "Spring Lamb": 203.16,
          "Pasture-raised Poultry": 766.54,
          "Raw Dairy": 2423.15,
          "Organ Meat & Lard": 60.9,
          "Organic Eggs": 1136.52,
          "Pantry - Beans/Grains/Pasta": 100.5,
          "Pantry - Canned/Jarred/Preserved": 127.5,
          "Pantry - Kombucha & Jun": 41.07,
          "Pantry - Coffee": 251,
          "Organic Vegetables - Onions/Garlic": 287.27,
          "Sausages & Cured Meats": 1213.1,
          "Organic Vegetables - Roots": 509.4,
          "Organic Vegetables - Leafy Greens": 769.75,
          "Organic Vegetables - Herbs": 201.5,
          "Organic Vegetables - Peppers": 318.5,
          "Organic Vegetables - Other": 374.5,
          "Pasture-raised Pork": 490.18,
          "Thanksgiving Turkeys": 1322.42,
          "Organic Vegetables - Mushrooms": 335,
          "Organic Vegetables - Broccoli/Cauliflower/Cabbage": 229.5,
          "Organic Vegetables - Tomatoes": 208.5,
          "Organic Vegetables - Potatoes": 300.5,
          "Organic Fruit": 207.6,
          "Organic Vegetables - Squash": 369.75,
          "Pantry - Breads & Baked Goods": 300.14,
          "Pantry - Snacks": 29,
          "Pantry - Honey & Nuts": 194.04,
          "Pantry - Dressings/Oils/Vinegars": 65.6,
          "Home Goods": 70.9,
          "Organic Vegetables - Root Veggies": 4,
          "Organs/Lard/Bones": 5.04,
          "Pasture Raised Meats": 47.88,
          "Dairy": 12
        },
        "product": {
          "Pre-order, Heritage Thanksgiving Turkeys": 1322.42,
          "Raw Fresh Whole Milk": 1136,
          "Ground Beef - All Natural": 1119.7,
          "BOGO SALE - Organic Pasture Raised Chicken Eggs": 1016.4,
          "Roasting Chicken": 388.38,
          "A2/A2 Milk": 380,
          "Orange Carrots": 256,
          "Fresh Pork Chaurice Sausage": 255,
          "Pork Shoulder Roast": 249.48,
          "Pork Bacon": 223.2,
          "Raw Sweet Cream Butter": 210,
          "Beef Chuck Roast": 195.3,
          "Crimini Mushrooms": 190,
          "Live Culture Yogurt": 183,
          "Japanese cucumber": 175,
          "Baby Mustard Salad Mix": 157.5,
          "Raw Fresh Sweet Cream": 152.75,
          "Pork Chops": 145.6,
          "Shiitake Mushrooms": 145,
          "Ground Lamb": 142.8
        },
        "dropsite": {
          "Farm - Friday": 880.06,
          "PSU Farmers Market": 1094.61,
          "Zafar Residence": 84,
          "Hollywood Farmers Market": 1828.41,
          "Corvallis": 697.47,
          "Lane County Farmers Market": 494.38,
          "St Johns Farmers Market": 505.66,
          "Woodstock": 756.2,
          "Cully": 843.54,
          "Irvington": 370.73,
          "Home Delivery - Eugene/Springfield/Junction City": 3494.92,
          "W 11th": 1225.81,
          "Friendly": 1433.38,
          "Farm - Tuesday": 938.65,
          "Sherwood": 50.5,
          "Home Delivery - Corvallis": 55.82
        }
      }
    },
    {
      "dateRange": "2023-10-16 to 2023-10-22",
      "data": {
        "totalSales": "14425.89",
        "numOrders": 139,
        "numSubscriberOrders": 139,
        "numGuestOrders": 0,
        "averageItemsPerOrder": 9,
        "averageOrderAmount": "105.15",
        "totalActiveSubscribers": 206,
        "projectedMonthlySubscriptionRevenue": 48602,
        "vendors": {
          "Grazier's Garden": 2061.25,
          "Camas Swale Farm": 472.25,
          "Creamy Cow, LLC": 2120.55,
          "Deck Family Farm": 7027.73,
          "Red Tail Growers": 482.79,
          "RL Plants": 22,
          "OGC": 389.75,
          "Lonesome Whistle": 44.25,
          "Small is Beautiful Farm": 192,
          "Little Wings": 440.5,
          "Radiant Coffee Roasters": 152.75,
          "Camas Country Mill": 127,
          "Reality Kitchen Nonprofit": 98,
          "Sweet Creek": 101.25,
          "Elegant Elephant Baking Co.": 118.03,
          "Queen of Hearts Superfood": 99,
          "BNF Kombucha and Jun": 138.49,
          "The Extra Loaf": 90,
          "Kiko Denzer": 37.75,
          "": 27,
          "Spoiled Rotten Vinegar": 33.75,
          "My Brothers Farm": 37.8,
          "Full Farm CSA": 50,
          "The Fungi Pharm": 62
        },
        "category": {
          "Organic Vegetables - Roots": 56.5,
          "Organic Vegetables - Peppers": 389.75,
          "Raw Dairy": 2048.55,
          "Organic Eggs": 868.56,
          "Organic Vegetables - Leafy Greens": 779.75,
          "Organic Vegetables - Tomatoes": 250.5,
          "Grass-fed Beef": 1174.78,
          "Pasture-raised Poultry": 476.6,
          "Organic Vegetables - Onions/Garlic": 316.04,
          "Sausages & Cured Meats": 901.54,
          "Home Goods": 178.55,
          "Organic Vegetables - Mushrooms": 310,
          "Pantry - Honey & Nuts": 200.76,
          "Pantry - Snacks": 101.75,
          "Organic Fruit": 320.2,
          "Organic Vegetables - Broccoli/Cauliflower/Cabbage": 78,
          "Organic Vegetables - Herbs": 176.75,
          "Organic Vegetables - Squash": 309.5,
          "Organic Vegetables - Other": 253.75,
          "Organic Vegetables - Potatoes": 254.75,
          "Pantry - Coffee": 152.75,
          "Organs/Lard/Bones": 20.58,
          "Thanksgiving Turkeys": 2558.71,
          "Pantry - Beans/Grains/Pasta": 131.5,
          "Pantry - Breads & Baked Goods": 306.03,
          "Spring Lamb": 166.32,
          "Pantry - Canned/Jarred/Preserved": 112.5,
          "Pasture-raised Pork": 697.68,
          "Organic Vegetables - Broccoli/Cauliflower/Cabbages": 86.5,
          "Organic Vegetables - Root Veggies": 341,
          "Uncategorized": 9,
          "Pantry - Dressings/Oils/Vinegars": 132.75,
          "Pantry - Kombucha & Jun": 138.49,
          "Dairy": 72,
          "Events": 50,
          "Organic Vegetables": 3.5
        },
        "product": {
          "Pre-order, Heritage Thanksgiving Turkeys": 2558.71,
          "Raw Fresh Whole Milk": 1100,
          "Organic Pasture Raised Chicken Eggs": 868.56,
          "Pork Shoulder Roast": 374.22,
          "A2/A2 Milk": 361,
          "Orange Carrots": 276,
          "Pork Chops": 249.6,
          "Frozen Strawberries": 220,
          "Roasting Chicken": 219.06,
          "Live Culture Yogurt": 219,
          "Beef Stew Meat": 203.06,
          "Pork Bacon": 173.6,
          "Raw Honey": 162.96,
          "Beef Chuck Roast": 156.24,
          "Shiitake Mushrooms": 155,
          "Crimini Mushrooms": 155,
          "Arugula": 155,
          "Beef Flank Steak": 147.85,
          "Western Beef Short Ribs": 138.6,
          "Baby Mustard Salad Mix": 135
        },
        "dropsite": {
          "Lane County Farmers Market": 195.9,
          "Hollywood Farmers Market": 1642.84,
          "PSU Farmers Market": 963.62,
          "Irvington": 423.78,
          "Cully": 1172.47,
          "Sherwood": 224.74,
          "Corvallis": 745.94,
          "Farm - Friday": 283.2,
          "Woodstock": 354.01,
          "Home Delivery - Eugene/Springfield/Junction City": 4202.14,
          "Friendly": 1690.4,
          "W 11th": 1496.57,
          "Farm - Tuesday": 596.4,
          "St Johns Farmers Market": 231.16,
          "Zafar Residence": 72,
          "Home Delivery - Corvallis": 130.72
        }
      }
    },
    {
      "dateRange": "2023-10-09 to 2023-10-15",
      "data": {
        "totalSales": "11963.47",
        "numOrders": 132,
        "numSubscriberOrders": 132,
        "numGuestOrders": 0,
        "averageItemsPerOrder": 10,
        "averageOrderAmount": "92.98",
        "totalActiveSubscribers": 206,
        "projectedMonthlySubscriptionRevenue": 48602,
        "vendors": {
          "Deck Family Farm": 4681.88,
          "Creamy Cow, LLC": 2259.1,
          "BNF Kombucha and Jun": 96.84,
          "Red Tail Growers": 352.92,
          "Grazier's Garden": 1646.1,
          "Elegant Elephant Baking Co.": 201.92,
          "Camas Swale Farm": 265.75,
          "Little Wings": 954,
          "Small is Beautiful Farm": 236.01,
          "Camas Country Mill": 72.5,
          "OGC": 286.25,
          "Sweet Creek": 41.25,
          "Lonesome Whistle": 64.5,
          "The Extra Loaf": 178,
          "My Brothers Farm": 76.95,
          "Queen of Hearts Superfood": 49.5,
          "Reality Kitchen Nonprofit": 60.5,
          "Full Farm CSA": 225,
          "Radiant Coffee Roasters": 125.5,
          "": 27,
          "Kiko Denzer": 12.25,
          "Spoiled Rotten Vinegar": 18.75,
          "The Fungi Pharm": 31
        },
        "category": {
          "Sausages & Cured Meats": 1200.42,
          "Raw Dairy": 2228.1,
          "Grass-fed Beef": 1511.05,
          "Pantry - Kombucha & Jun": 96.84,
          "Pasture-raised Pork": 410.22,
          "Organic Vegetables - Squash": 216.5,
          "Organic Vegetables - Onions/Garlic": 314.67,
          "Pantry - Breads & Baked Goods": 433.42,
          "Pasture-raised Poultry": 420.66,
          "Organic Vegetables - Other": 281.75,
          "Organic Vegetables - Tomatoes": 331,
          "Organic Vegetables - Peppers": 280.75,
          "Organic Vegetables - Root Veggies": 500.6,
          "Home Goods": 118.25,
          "Organic Eggs": 729.96,
          "Pantry - Beans/Grains/Pasta": 84.25,
          "Organic Vegetables - Herbs": 129.5,
          "Organic Vegetables - Mushrooms": 240,
          "Organic Vegetables - Leafy Greens": 699,
          "Pantry - Canned/Jarred/Preserved": 52.5,
          "Pantry - Snacks": 83.75,
          "Organic Vegetables - Potatoes": 72.75,
          "Organic Fruit": 277.01,
          "Organic Vegetables - Broccoli/Cauliflower/Cabbage": 93,
          "Organic Vegetables - Broccoli/Cauliflower/Cabbages": 154.5,
          "Organs/Lard/Bones": 89.46,
          "Pantry - Honey & Nuts": 248.73,
          "Dairy": 31,
          "Uncategorized": 179.5,
          "Pantry - Dressings/Oils/Vinegars": 68.25,
          "Spring Lamb": 136.08,
          "Organ Meat & Lard": 12.25,
          "Pantry - Coffee": 125.5,
          "Events": 50,
          "Organic Vegetables": 55.25,
          "Pantry": 7
        },
        "product": {
          "Raw Fresh Whole Milk": 1176,
          "Organic Pasture Raised Chicken Eggs": 729.96,
          "A2/A2 Milk": 323,
          "2023 Pig Roast": 225,
          "Ground Beef - All Natural": 222.8,
          "Pork Shoulder Roast": 207.9,
          "Raw Fresh Sweet Cream": 199.75,
          "Broccolini": 189,
          "Pork Chops": 187.2,
          "Pork Bacon": 173.6,
          "Raw Honey": 171.78,
          "Japanese cucumber": 164.5,
          "Live Culture Yogurt": 161.2,
          "Spinach (1/2)": 159.5,
          "Beef Stew Meat": 156.2,
          "Beef Tenderloin": 154.26,
          "Crimini Mushrooms": 150,
          "Hot Italian Sausage Links": 138.6,
          "Fresh Garlic Sausage Links": 138.6,
          "Beef Osso Buco": 138.6
        },
        "dropsite": {
          "Hollywood Farmers Market": 1310.19,
          "Home Delivery - Eugene/Springfield/Junction City": 3532.55,
          "Farm - Friday": 359.21,
          "PSU Farmers Market": 502.17,
          "Irvington": 407.6,
          "Zafar Residence": 96,
          "Cully": 840.15,
          "St Johns Farmers Market": 583.72,
          "Woodstock": 619.07,
          "Lane County Farmers Market": 324.99,
          "Sherwood": 139.32,
          "Home Delivery - Corvallis": 178.31,
          "Friendly": 644,
          "W 11th": 1227.9,
          "Farm - Tuesday": 1017.59,
          "Corvallis": 180.7
        }
      }
    },
    {
      "dateRange": "2023-10-02 to 2023-10-08",
      "data": {
        "totalSales": "8419.97",
        "numOrders": 104,
        "numSubscriberOrders": 104,
        "numGuestOrders": 0,
        "averageItemsPerOrder": 9,
        "averageOrderAmount": "82.40",
        "totalActiveSubscribers": 206,
        "projectedMonthlySubscriptionRevenue": 48602,
        "vendors": {
          "Camas Swale Farm": 226.25,
          "Deck Family Farm": 2794.13,
          "Creamy Cow, LLC": 1763.4,
          "Lonesome Whistle": 88.75,
          "Grazier's Garden": 1253.5,
          "Little Wings": 670.5,
          "OGC": 228.5,
          "BNF Kombucha and Jun": 164.19,
          "Red Tail Growers": 122.5,
          "Small is Beautiful Farm": 207.85,
          "The Extra Loaf": 111.25,
          "Radiant Coffee Roasters": 90,
          "Sweet Creek": 129.5,
          "Queen of Hearts Superfood": 89.1,
          "Reality Kitchen Nonprofit": 100.75,
          "Elegant Elephant Baking Co.": 140,
          "Jar Joy Goods": 54,
          "Camas Country Mill": 88.25,
          "My Brothers Farm": 44.55,
          "Creole Me Up": 15,
          "": 27,
          "RL Plants": 11
        },
        "category": {
          "Organic Vegetables - Root Veggies": 50.75,
          "Sausages & Cured Meats": 54.6,
          "Raw Dairy": 172.75,
          "Pantry": 1124.9,
          "Organic Vegetables": 2255,
          "Pasture Raised Meats": 1996.04,
          "Organic Fruit": 245.35,
          "Eggs": 489.72,
          "Pantry - Beans/Grains/Pasta": 7.25,
          "Pasture-raised Poultry": 56.11,
          "Organic Vegetables - Squash": 9,
          "Organic Vegetables - Tomatoes": 8,
          "Organic Vegetables - Leafy Greens": 14.75,
          "Pantry - Breads & Baked Goods": 32.5,
          "Pantry - Canned/Jarred/Preserved": 30,
          "Pantry - Dressings/Oils/Vinegars": 9.9,
          "Organ Meat & Lard": 12.18,
          "Organic Eggs": 18.48,
          "Pantry - Kombucha & Jun": 35.04,
          "Organic Vegetables - Peppers": 24,
          "Home Goods": 171.5,
          "Dairy": 1590.65,
          "Organic Vegetables - Mushrooms": 5,
          "Organic Vegetables - Broccoli/Cauliflower/Cabbages": 6.5
        },
        "product": {
          "Raw Fresh Whole Milk": 859,
          "Organic Pasture Raised Chicken Eggs": 508.2,
          "A2/A2 Milk": 228,
          "Pork Bacon": 210.8,
          "Raw Honey": 167,
          "Beef Chuck Roast": 156.24,
          "Bone-In Chicken Breast": 151.2,
          "Live Culture Yogurt": 147.7,
          "Raw Sweet Cream Butter": 141,
          "Japanese cucumber": 140,
          "Ground Beef - All Natural": 133.68,
          "Raw Fresh Sweet Cream": 131,
          "Chicken Wings": 129.35,
          "Orange Carrots": 124,
          "Frozen Strawberries": 117,
          "Crimini Mushrooms": 115,
          "Roasting Chicken": 112.88,
          "Raw Cultured Butter": 104,
          "Spinach (1/2)": 101,
          "Chicken Hindquarter": 94.08
        },
        "dropsite": {
          "Farm - Friday": 431.12,
          "PSU Farmers Market": 544.49,
          "Hollywood Farmers Market": 950.92,
          "Lane County Farmers Market": 262.14,
          "St Johns Farmers Market": 305.34,
          "Corvallis": 208.95,
          "Woodstock": 339.04,
          "Irvington": 298.92,
          "Cully": 722.24,
          "Sherwood": 271.99,
          "W 11th": 548.13,
          "Friendly": 847.34,
          "Home Delivery - Eugene/Springfield/Junction City": 2073.78,
          "Farm - Tuesday": 615.57
        }
      }
    },
    {
      "dateRange": "2023-09-25 to 2023-10-01",
      "data": {
        "totalSales": "0.00",
        "numOrders": 0,
        "numSubscriberOrders": 0,
        "numGuestOrders": 0,
        "averageItemsPerOrder": null,
        "averageOrderAmount": "NaN",
        "totalActiveSubscribers": 206,
        "projectedMonthlySubscriptionRevenue": 48602,
        "vendors": {},
        "category": {},
        "product": {},
        "dropsite": {}
      }
    },
    {
      "dateRange": "2024-07-15 to 2024-07-21",
      "data": {
        "totalSales": "10269.37",
        "numOrders": 110,
        "numSubscriberOrders": 106,
        "numGuestOrders": 4,
        "averageItemsPerOrder": 10,
        "averageOrderAmount": "94.63",
        "totalActiveSubscribers": 207,
        "projectedMonthlySubscriptionRevenue": 49102,
        "vendors": {
          "Full Farm CSA": 438.56,
          "OGC": 306.22,
          "Reality Kitchen Nonprofit": 76.69,
          "Barrett Baking": 95.76,
          "Sweet Creek": 173.56,
          "Red Tail Growers": 510.94,
          "Camas Swale Farm": 384.27,
          "Little Wings": 595.84,
          "Grazier's Garden": 1166.48,
          "Deck Family Farm": 3624.86,
          "Creamy Cow, LLC": 2123.13,
          "Queen of Hearts Superfood": 35.78,
          "Elegant Elephant Baking Co.": 154.86,
          "River Ranch Oregon Olive OIl": 23.8,
          "Radiant Coffee Roasters": 146.3,
          "Deck Family Farm's Hyland Processing": 307.28,
          "Camas Country Mill": 27.65,
          "Lonesome Whistle": 19.14,
          "RL Plants": 11.44,
          "Spoiled Rotten Vinegar": 24.64,
          "Creole Me Up": 22.17
        },
        "category": {
          "Home Goods": 45.22,
          "Organic Vegetables - Leafy Greens": 413.71,
          "Organic Vegetables - Mushrooms": 192.86,
          "Dry Goods": 903.49,
          "Organic Fruit": 414.26,
          "Organic Vegetables - Roots": 194.52,
          "Organic Vegetables - Tomatoes": 408.86,
          "Organic Vegetables - Herbs": 248.7,
          "Organic Vegetables - Squash": 192.04,
          "Organic Vegetables - Other": 443.48,
          "Organic Eggs": 666.05,
          "Organic Vegetables - Onions/Garlic": 337.49,
          "Sausages & Cured Meats": 1144.71,
          "Raw Dairy (Unpasteurized)": 2123.13,
          "Grass-fed Beef": 983.14,
          "Organ Meat & Lard": 17.76,
          "Organic Vegetables - Broccoli/Cauliflower/Cabbage": 299.52,
          "Organic Vegetables - Potatoes": 179.89,
          "Pasture-raised Pork": 422.53,
          "Pasture-raised Poultry": 377.59,
          "Spring Lamb": 113.05,
          "Flowers": 11.44,
          "Uncategorized": 92.29,
          "Pasture Raised Pork": 40.04,
          "Organic Vegetables  - Broccoli/Cauliflower/Cabbage": 3.6
        },
        "product": {
          "Raw Fresh Whole Milk": 1072,
          "Organic Pasture Raised Chicken Eggs": 666.05,
          "Blueberries": 337.68,
          "Live Culture Yogurt": 335.16,
          "Ground Beef - All Natural": 333.69,
          "Baby Back Ribs **SALE**": 323.69,
          "Raw A2/A2 Milk": 285,
          "Sungold Tomatoes": 224.79,
          "Raw Cultured Butter": 186.2,
          "Pork Bacon": 173.53,
          "Honey, Raw": 167.27,
          "Persian Cucumber": 161.24,
          "Nantes Carrots": 159.1,
          "Korean Beef Short Ribs": 158.2,
          "Red Norland Potatoes- Fresh dug": 156.44,
          "New York Steak": 155.76,
          "Tamari Pressed Beef Jerky": 151.18,
          "Cherry Tomatoes": 142.21,
          "Purple Shvelisi Garlic": 133.5,
          "Green Zucchini": 129.04
        },
        "dropsite": {
          "Farm - Friday": 388.54,
          "Corvallis": 347.06,
          "Hollywood Farmers Market": 1693.66,
          "LCFM": 404.27,
          "St Johns Farmers Market": 481.87,
          "Cully": 381.85,
          "PSU Farmers Market": 895.47,
          "Beaverton": 195.22,
          "Woodstock": 435.77,
          "Home Delivery - Eugene/Springfield/Junction City": 2114.56,
          "Friendly": 991.43,
          "Farm - Tuesday": 745.84,
          "W 11th": 724.08,
          "Springfield": 328.14,
          "Irvington": 141.61
        }
      }
    }
  ]
}